@INPROCEEDINGS{wmt-068,
   AUTHOR = {Sudarikov, Roman and Mareček, David and Kocmi, Tom and Varis, Dusan and Bojar, Ondřej},
   SORTNAME = {Sudarikov, Roman and Marecek, David and Kocmi, Tom and Varis, Dusan and Bojar, Ondrej},
   TITLE = {CUNI submission in WMT17: Chimera goes neural}}
@INPROCEEDINGS{wmt-078,
   AUTHOR = {Chatterjee, Rajen and Farajian, M. Amin and Negri, Matteo and Turchi, Marco and Srivastava, Ankit and Pal, Santanu},
   SORTNAME = {Chatterjee, Rajen and Farajian, M. Amin and Negri, Matteo and Turchi, Marco and Srivastava, Ankit and Pal, Santanu},
   TITLE = {Multi-source Neural Automatic Post-Editing: FBK's participation in the WMT 2017 APE shared task}}
@INPROCEEDINGS{wmt-060,
   AUTHOR = {Gwinnup, Jeremy and Anderson, Timothy and Erdmann, Grant and Young, Katherine and Kazi, Michaeel and Salesky, Elizabeth and Thompson, Brian and Taylor, Jonathan},
   SORTNAME = {Gwinnup, Jeremy and Anderson, Timothy and Erdmann, Grant and Young, Katherine and Kazi, Michaeel and Salesky, Elizabeth and Thompson, Brian and Taylor, Jonathan},
   TITLE = {The AFRL-MITLL WMT17 Systems: Old, New, Borrowed, BLEU}}
@INPROCEEDINGS{wmt-066,
   AUTHOR = {Duma, Mirela-Stefania and Menzel, Wolfgang},
   SORTNAME = {Duma, Mirela-Stefania and Menzel, Wolfgang},
   TITLE = {Automatic Threshold Detection for Data Selection in Machine Translation}}
@INPROCEEDINGS{wmt-112,
   AUTHOR = {Ma, Qingsong and Graham, Yvette and Wang, Shugen and Liu, Qun},
   SORTNAME = {Ma, Qingsong and Graham, Yvette and Wang, Shugen and Liu, Qun},
   TITLE = {Blend: a Novel Combined MT Metric Based on Direct Assessment — CASICT-DCU submission to WMT17 Metrics Task}}
@INPROCEEDINGS{wmt-008,
   AUTHOR = {Hurskainen, Arvi and Tiedemann, Jörg},
   SORTNAME = {Hurskainen, Arvi and Tiedemann, Jorg},
   TITLE = {Rule-based Machine translation from English to Finnish}}
@INPROCEEDINGS{wmt-123,
   AUTHOR = {Jimeno Yepes, Antonio and Neveol, Aurelie and Neves, Mariana and Verspoor, Karin and Bojar, Ondrej and Boyer, Arthur and Grozea, Cristian and Haddow, Barry and Kittner, Madeleine and Lichtblau, Yvonne and Pecina, Pavel and Roller, Roland and Rosa, Rudolf and Siu, Amy and Thomas, Philippe and Trescher, Saskia},
   SORTNAME = {Jimeno Yepes, Antonio and Neveol, Aurelie and Neves, Mariana and Verspoor, Karin and Bojar, Ondrej and Boyer, Arthur and Grozea, Cristian and Haddow, Barry and Kittner, Madeleine and Lichtblau, Yvonne and Pecina, Pavel and Roller, Roland and Rosa, Rudolf and Siu, Amy and Thomas, Philippe and Trescher, Saskia},
   TITLE = {Findings of the WMT 2017 Biomedical Translation Shared Task}}
@INPROCEEDINGS{wmt-069,
   AUTHOR = {Tamchyna, Aleš and Weller-Di Marco, Marion and Fraser, Alexander},
   SORTNAME = {Tamchyna, Ales and Weller-Di Marco, Marion and Fraser, Alexander},
   TITLE = {Modeling Target-Side Inflection in Neural Machine Translation}}
@INPROCEEDINGS{wmt-015,
   AUTHOR = {Tan, Yiming and Chen, Zhiming and Huang, Liu and Zhang, Lilin and Li, Maoxi and Wang, Mingwen},
   SORTNAME = {Tan, Yiming and Chen, Zhiming and Huang, Liu and Zhang, Lilin and Li, Maoxi and Wang, Mingwen},
   TITLE = {Neural Post-Editing Based on Quality Estimation}}
@INPROCEEDINGS{wmt-050,
   AUTHOR = {Pham, Ngoc-Quan and Niehues, Jan and Ha, Thanh-Le and Cho, Eunah and Sperber, Matthias and Waibel, Alexander},
   SORTNAME = {Pham, Ngoc-Quan and Niehues, Jan and Ha, Thanh-Le and Cho, Eunah and Sperber, Matthias and Waibel, Alexander},
   TITLE = {The Karlsruhe Institute of Technology Systems for the News Translation Task in WMT 2017}}
@INPROCEEDINGS{wmt-058,
   AUTHOR = {Sennrich, Rico and Birch, Alexandra and Currey, Anna and Germann, Ulrich and Haddow, Barry and Heafield, Kenneth and Miceli Barone, Antonio Valerio and Williams, Philip},
   SORTNAME = {Sennrich, Rico and Birch, Alexandra and Currey, Anna and Germann, Ulrich and Haddow, Barry and Heafield, Kenneth and Miceli Barone, Antonio Valerio and Williams, Philip},
   TITLE = {The University of Edinburgh's Neural MT Systems for WMT17}}
@INPROCEEDINGS{wmt-118,
   AUTHOR = {Lo, Chi-kiu},
   SORTNAME = {Lo, Chi-kiu},
   TITLE = {MEANT 2.0: Accurate semantic MT evaluation for any output language}}
@INPROCEEDINGS{wmt-006,
   AUTHOR = {Tan, Zhixing and Wang, Boli and Hu, Jinming and Chen, Yidong and shi, xiaodong},
   SORTNAME = {Tan, Zhixing and Wang, Boli and Hu, Jinming and Chen, Yidong and shi, xiaodong},
   TITLE = {XMU Neural Machine Translation Systems for WMT 17}}
@INPROCEEDINGS{wmt-115,
   AUTHOR = {Duma, Melania and Menzel, Wolfgang},
   SORTNAME = {Duma, Melania and Menzel, Wolfgang},
   TITLE = {UHH Submission to the WMT17 Metrics Shared Task}}
@INPROCEEDINGS{wmt-113,
   AUTHOR = {Mareček, David and Bojar, Ondřej and Hübsch, Ondřej and Rosa, Rudolf and Varis, Dusan},
   SORTNAME = {Marecek, David and Bojar, Ondrej and Hubsch, Ondrej and Rosa, Rudolf and Varis, Dusan},
   TITLE = {CUNI Experiments for WMT17 Metrics Task}}
@INPROCEEDINGS{wmt-036,
   AUTHOR = {Niehues, Jan and Cho, Eunah},
   SORTNAME = {Niehues, Jan and Cho, Eunah},
   TITLE = {Exploiting Linguistic Resources for Neural Machine Translation Using Multi-task Learning}}
@INPROCEEDINGS{wmt-124,
   AUTHOR = {Bojar, Ondřej and Chatterjee, Rajen and Federmann, Christian and Graham, Yvette and Haddow, Barry and Huck, Matthias and Koehn, Philipp and Logacheva, Varvara and Monz, Christof and Negri, Matteo and Post, Matt and Rubino, Raphael and Specia, Lucia and Turchi, Marco},
   SORTNAME = {Bojar, Ondrej and Chatterjee, Rajen and Federmann, Christian and Graham, Yvette and Haddow, Barry and Huck, Matthias and Koehn, Philipp and Logacheva, Varvara and Monz, Christof and Negri, Matteo and Post, Matt and Rubino, Raphael and Specia, Lucia and Turchi, Marco},
   TITLE = {Findings of the 2017 Conference on Machine Translation (WMT17)}}
@INPROCEEDINGS{wmt-077,
   AUTHOR = {Martins, André F. T. and Kepler, Fabio and Monteiro, Jose},
   SORTNAME = {Martins, Andre F. T. and Kepler, Fabio and Monteiro, Jose},
   TITLE = {Unbabel's Participation in the WMT17 Translation Quality Estimation Shared Task}}
@INPROCEEDINGS{wmt-079,
   AUTHOR = {Chatterjee, Rajen and Negri, Matteo and Turchi, Marco and Federico, Marcello and Specia, Lucia and Blain, Frédéric},
   SORTNAME = {Chatterjee, Rajen and Negri, Matteo and Turchi, Marco and Federico, Marcello and Specia, Lucia and Blain, Frederic},
   TITLE = {Guiding Neural Machine Translation Decoding with External Knowledge}}
@INPROCEEDINGS{wmt-059,
   AUTHOR = {Miceli Barone, Antonio Valerio and Helcl, Jindřich and Sennrich, Rico and Haddow, Barry and Birch, Alexandra},
   SORTNAME = {Miceli Barone, Antonio Valerio and Helcl, Jindrich and Sennrich, Rico and Haddow, Barry and Birch, Alexandra},
   TITLE = {Deep architectures for Neural Machine Translation}}
@INPROCEEDINGS{wmt-120,
   AUTHOR = {Wolk, Krzysztof and Marasek, Krzysztof},
   SORTNAME = {Wolk, Krzysztof and Marasek, Krzysztof},
   TITLE = {PJIIT's systems for WMT 2017 Conference}}
@INPROCEEDINGS{wmt-108,
   AUTHOR = {Ma, Mingbo and Li, Dapeng and Zhao, Kai and Huang, Liang},
   SORTNAME = {Ma, Mingbo and Li, Dapeng and Zhao, Kai and Huang, Liang},
   TITLE = {OSU Multimodal Machine Translation System Report}}
@INPROCEEDINGS{wmt-092,
   AUTHOR = {García-Martínez, Mercedes and Caglayan, Ozan and Aransa, Walid and Bardet, Adrien and Bougares, Fethi and Barrault, Loïc},
   SORTNAME = {Garcia-Martinez, Mercedes and Caglayan, Ozan and Aransa, Walid and Bardet, Adrien and Bougares, Fethi and Barrault, Loic},
   TITLE = {LIUM Machine Translation Systems for WMT17 News Translation Task}}
@INPROCEEDINGS{wmt-091,
   AUTHOR = {Burlot, Franck and Safari, Pooyan and Labeau, Matthieu and Allauzen, Alexandre and Yvon, François},
   SORTNAME = {Burlot, Franck and Safari, Pooyan and Labeau, Matthieu and Allauzen, Alexandre and Yvon, Francois},
   TITLE = {LIMSI\@WMT'17}}
@INPROCEEDINGS{wmt-071,
   AUTHOR = {Grönroos, Stig-Arne and Virpioja, Sami and Kurimo, Mikko},
   SORTNAME = {Gronroos, Stig-Arne and Virpioja, Sami and Kurimo, Mikko},
   TITLE = {Extending hybrid word-character neural machine translation with multi-task learning of morphological analysis}}
@INPROCEEDINGS{wmt-063,
   AUTHOR = {Currey, Anna and Miceli Barone, Antonio Valerio and Heafield, Kenneth},
   SORTNAME = {Currey, Anna and Miceli Barone, Antonio Valerio and Heafield, Kenneth},
   TITLE = {Copied Monolingual Data Improves Low-Resource Neural Machine Translation}}
@INPROCEEDINGS{wmt-004,
   AUTHOR = {Jaffe, Alan},
   SORTNAME = {Jaffe, Alan},
   TITLE = {Generating Image Descriptions using Multilingual Data}}
@INPROCEEDINGS{wmt-075,
   AUTHOR = {Farajian, M. Amin and Turchi, Marco and Negri, Matteo and Federico, Marcello},
   SORTNAME = {Farajian, M. Amin and Turchi, Marco and Negri, Matteo and Federico, Marcello},
   TITLE = {Multi-Domain Neural Machine Translation through Unsupervised Adaptation}}
@INPROCEEDINGS{wmt-109,
   AUTHOR = {Biçici, Ergun},
   SORTNAME = {Bicici, Ergun},
   TITLE = {Predicting Translation Performance with Referential Translation Machines}}
@INPROCEEDINGS{wmt-081,
   AUTHOR = {Alkhouli, Tamer and Ney, Hermann},
   SORTNAME = {Alkhouli, Tamer and Ney, Hermann},
   TITLE = {Biasing Attention-Based Recurrent Neural Networks Using External Alignment Information}}
@INPROCEEDINGS{wmt-029,
   AUTHOR = {Zhang, Jingyi and Utiyama, Masao and Sumita, Eiichro and Neubig, Graham and Nakamura, Satoshi},
   SORTNAME = {Zhang, Jingyi and Utiyama, Masao and Sumita, Eiichro and Neubig, Graham and Nakamura, Satoshi},
   TITLE = {NICT-NAIST System for WMT17 Multimodal Translation Task}}
@INPROCEEDINGS{wmt-095,
   AUTHOR = {Blain, Frédéric and Scarton, Carolina and Specia, Lucia},
   SORTNAME = {Blain, Frederic and Scarton, Carolina and Specia, Lucia},
   TITLE = {Bilexical Embeddings for Quality Estimation}}
@INPROCEEDINGS{wmt-090,
   AUTHOR = {Duma, Melania and Menzel, Wolfgang},
   SORTNAME = {Duma, Melania and Menzel, Wolfgang},
   TITLE = {UHH Submission to the WMT17 Quality Estimation Shared Task}}
@INPROCEEDINGS{wmt-102,
   AUTHOR = {Miura, Akiva and Neubig, Graham and Sudoh, Katsuhito and Nakamura, Satoshi},
   SORTNAME = {Miura, Akiva and Neubig, Graham and Sudoh, Katsuhito and Nakamura, Satoshi},
   TITLE = {Tree as a Pivot: Syntactic Matching Methods in Pivot Translation}}
@INPROCEEDINGS{wmt-040,
   AUTHOR = {Gwinnup, Jeremy and Duselis, John and Hutt, Michael and Davis, James and Sandvick, Joshua},
   SORTNAME = {Gwinnup, Jeremy and Duselis, John and Hutt, Michael and Davis, James and Sandvick, Joshua},
   TITLE = {The AFRL-OSU WMT17 Multimodal Translation System: An Image Processing Approach}}
@INPROCEEDINGS{wmt-051,
   AUTHOR = {Wang, Yuguang and Cheng, Shanbo and Jiang, Liyang and Yang, Jiajun and Chen, Wei and Li, Muze and Shi, Lin and Wang, Yanfeng and Yang, Hongtao},
   SORTNAME = {Wang, Yuguang and Cheng, Shanbo and Jiang, Liyang and Yang, Jiajun and Chen, Wei and Li, Muze and Shi, Lin and Wang, Yanfeng and Yang, Hongtao},
   TITLE = {Sogou Neural Machine Translation Systems for WMT17}}
@INPROCEEDINGS{wmt-057,
   AUTHOR = {Östling, Robert and Scherrer, Yves and Tiedemann, Jörg and Tang, Gongbo and Nieminen, Tommi},
   SORTNAME = {Ostling, Robert and Scherrer, Yves and Tiedemann, Jorg and Tang, Gongbo and Nieminen, Tommi},
   TITLE = {The Helsinki Neural Machine Translation System}}
@INPROCEEDINGS{wmt-085,
   AUTHOR = {Huck, Matthias and Braune, Fabienne and Fraser, Alexander},
   SORTNAME = {Huck, Matthias and Braune, Fabienne and Fraser, Alexander},
   TITLE = {LMU Munich's Neural Machine Translation Systems for News Articles and Health Information Texts}}
@INPROCEEDINGS{wmt-052,
   AUTHOR = {Britz, Denny and Le, Quoc and Pryzant, Reid},
   SORTNAME = {Britz, Denny and Le, Quoc and Pryzant, Reid},
   TITLE = {Effective Domain Mixing for Neural Machine Translation}}
@INPROCEEDINGS{wmt-100,
   AUTHOR = {Hokamp, Chris},
   SORTNAME = {Hokamp, Chris},
   TITLE = {Ensembling Factored Neural Machine Translation Models for Automatic Post-Editing and Quality Estimation}}
@INPROCEEDINGS{wmt-042,
   AUTHOR = {Avramidis, Eleftherios},
   SORTNAME = {Avramidis, Eleftherios},
   TITLE = {Sentence-level quality estimation by predicting HTER as a multi-component metric}}
@INPROCEEDINGS{wmt-106,
   AUTHOR = {Xu, Jia and Kuang, Yi Zong and Baijoo, Shondell and Lee, Jacob Hyun and Shahzad, Uman and Ahmed, Mir and Lancaster, Meredith and Carlan, Chris},
   SORTNAME = {Xu, Jia and Kuang, Yi Zong and Baijoo, Shondell and Lee, Jacob Hyun and Shahzad, Uman and Ahmed, Mir and Lancaster, Meredith and Carlan, Chris},
   TITLE = {Hunter MT: A Course for Young Researchers in WMT17}}
@INPROCEEDINGS{wmt-061,
   AUTHOR = {Chinea-Rios, Mara and Peris, Álvaro and Casacuberta, Francisco},
   SORTNAME = {Chinea-Rios, Mara and Peris, Alvaro and Casacuberta, Francisco},
   TITLE = {Adapting Neural Machine Translation with Parallel Synthetic Data}}
@INPROCEEDINGS{wmt-020,
   AUTHOR = {Sharaf, Amr and Feng, Shi and Nguyen, Khanh and Brantley, Kiante and Daumé III, Hal},
   SORTNAME = {Sharaf, Amr and Feng, Shi and Nguyen, Khanh and Brantley, Kiante and Daume III, Hal},
   TITLE = {The UMD Neural Machine Translation Systems at WMT17 Bandit Learning Task}}
@INPROCEEDINGS{wmt-064,
   AUTHOR = {Ding, Shuoyang and Khayrallah, Huda and Koehn, Philipp and Post, Matt and Kumar, Gaurav and Duh, Kevin},
   SORTNAME = {Ding, Shuoyang and Khayrallah, Huda and Koehn, Philipp and Post, Matt and Kumar, Gaurav and Duh, Kevin},
   TITLE = {The JHU Machine Translation Systems for WMT 2017}}
@INPROCEEDINGS{wmt-031,
   AUTHOR = {Holtz, Chester and Ke, Chuyang and Gildea, Daniel},
   SORTNAME = {Holtz, Chester and Ke, Chuyang and Gildea, Daniel},
   TITLE = {University of Rochester WMT 2017 NMT System Submission}}
@INPROCEEDINGS{wmt-093,
   AUTHOR = {Lo, Chi-kiu and Chen, Boxing and Cherry, Colin and Foster, George and Larkin, Samuel and Stewart, Darlene and Kuhn, Roland},
   SORTNAME = {Lo, Chi-kiu and Chen, Boxing and Cherry, Colin and Foster, George and Larkin, Samuel and Stewart, Darlene and Kuhn, Roland},
   TITLE = {NRC Machine Translation System for WMT 2017}}
@INPROCEEDINGS{wmt-087,
   AUTHOR = {Huck, Matthias and Riess, Simon and Fraser, Alexander},
   SORTNAME = {Huck, Matthias and Riess, Simon and Fraser, Alexander},
   TITLE = {Target-side Word Segmentation Strategies for Neural Machine Translation}}
@INPROCEEDINGS{wmt-014,
   AUTHOR = {Pu, Xiao and Pappas, Nikolaos and Popescu-Belis, Andrei},
   SORTNAME = {Pu, Xiao and Pappas, Nikolaos and Popescu-Belis, Andrei},
   TITLE = {Sense-Aware Statistical Machine Translation using Adaptive Context-Dependent Clustering}}
@INPROCEEDINGS{wmt-086,
   AUTHOR = {Madhyastha, Pranava Swaroop and Wang, Josiah and Specia, Lucia},
   SORTNAME = {Madhyastha, Pranava Swaroop and Wang, Josiah and Specia, Lucia},
   TITLE = {Sheffield MultiMT: Using Object Posterior Predictions for Multimodal Machine Translation}}
@INPROCEEDINGS{wmt-023,
   AUTHOR = {Di Gangi, Mattia Antonino and Bertoldi, Nicola and Federico, Marcello},
   SORTNAME = {Di Gangi, Mattia Antonino and Bertoldi, Nicola and Federico, Marcello},
   TITLE = {FBK's Participation to the English-to-German News Translation Task of WMT 2017}}
@INPROCEEDINGS{wmt-105,
   AUTHOR = {Bojar, Ondřej and Graham, Yvette and Kamran, Amir},
   SORTNAME = {Bojar, Ondrej and Graham, Yvette and Kamran, Amir},
   TITLE = {Results of the WMT17 Metrics Shared Task}}
@INPROCEEDINGS{wmt-039,
   AUTHOR = {Gwinnup, Jeremy and Erdmann, Grant and Young, Katherine},
   SORTNAME = {Gwinnup, Jeremy and Erdmann, Grant and Young, Katherine},
   TITLE = {The AFRL WMT17 Neural Machine Translation Training Task Submission}}
@INPROCEEDINGS{wmt-070,
   AUTHOR = {Caglayan, Ozan and Aransa, Walid and Bardet, Adrien and García-Martínez, Mercedes and Bougares, Fethi and Barrault, Loïc and Masana, Marc and Herranz, Luis and van de Weijer, Joost},
   SORTNAME = {Caglayan, Ozan and Aransa, Walid and Bardet, Adrien and Garcia-Martinez, Mercedes and Bougares, Fethi and Barrault, Loic and Masana, Marc and Herranz, Luis and van de Weijer, Joost},
   TITLE = {LIUM-CVC Submissions for WMT17 Multimodal Translation Task}}
@INPROCEEDINGS{wmt-125,
   AUTHOR = {Sokolov, Artem and Kreutzer, Julia and Sunderland, Kellen and Danchenko, Pavel and Szymaniak, Witold and Fürstenau, Hagen and Riezler, Stefan},
   SORTNAME = {Sokolov, Artem and Kreutzer, Julia and Sunderland, Kellen and Danchenko, Pavel and Szymaniak, Witold and Furstenau, Hagen and Riezler, Stefan},
   TITLE = {A Shared Task on Bandit Learning for Machine Translation}}
@INPROCEEDINGS{wmt-003,
   AUTHOR = {Paetzold, Gustavo and Specia, Lucia},
   SORTNAME = {Paetzold, Gustavo and Specia, Lucia},
   TITLE = {Feature-Enriched Character-Level Convolutions for Text Regression}}
@INPROCEEDINGS{wmt-073,
   AUTHOR = {Abdou, Mostafa and Gloncak, Vladan and Bojar, Ondřej},
   SORTNAME = {Abdou, Mostafa and Gloncak, Vladan and Bojar, Ondrej},
   TITLE = {Variable Mini-Batch Sizing and Pre-Trained Embeddings}}
@INPROCEEDINGS{wmt-010,
   AUTHOR = {Chen, Zhiming and Tan, Yiming and Zhang, Chenlin and Xiang, Qingyu and Zhang, Lilin and Li, Maoxi and WANG, Mingwen},
   SORTNAME = {Chen, Zhiming and Tan, Yiming and Zhang, Chenlin and Xiang, Qingyu and Zhang, Lilin and Li, Maoxi and WANG, Mingwen},
   TITLE = {Improving Machine Translation Quality Estimation with Neural Network Features}}
@INPROCEEDINGS{wmt-062,
   AUTHOR = {Berard, Alexandre and Besacier, Laurent and Pietquin, Olivier},
   SORTNAME = {Berard, Alexandre and Besacier, Laurent and Pietquin, Olivier},
   TITLE = {LIG-CRIStAL Submission for the WMT 2017 Automatic Post-Editing Task}}
@INPROCEEDINGS{wmt-035,
   AUTHOR = {Wisniewski, Guillaume},
   SORTNAME = {Wisniewski, Guillaume},
   TITLE = {LIMSI Submission for WMT'17 Shared Task on Bandit Learning}}
@INPROCEEDINGS{wmt-122,
   AUTHOR = {Elliott, Desmond and Frank, Stella and Barrault, Loïc and Bougares, Fethi and Specia, Lucia},
   SORTNAME = {Elliott, Desmond and Frank, Stella and Barrault, Loic and Bougares, Fethi and Specia, Lucia},
   TITLE = {Findings of the Second Shared Task on Multimodal Machine Translation and Multilingual Image Description}}
@INPROCEEDINGS{wmt-027,
   AUTHOR = {Zhang, Jinchao and Porkaew, Peerachet and Hu, Jiawei and Zhao, Qiuye and Liu, Qun},
   SORTNAME = {Zhang, Jinchao and Porkaew, Peerachet and Hu, Jiawei and Zhao, Qiuye and Liu, Qun},
   TITLE = {CASICT-DCU Neural Machine Translation Systems for WMT17}}
@INPROCEEDINGS{wmt-065,
   AUTHOR = {Calixto, Iacer and Dutta Chowdhury, Koel and Liu, Qun},
   SORTNAME = {Calixto, Iacer and Dutta Chowdhury, Koel and Liu, Qun},
   TITLE = {DCU System Report on the WMT 2017 Multi-modal Machine Translation Task}}
@INPROCEEDINGS{wmt-117,
   AUTHOR = {Tättar, Andre and Fishel, Mark},
   SORTNAME = {Tattar, Andre and Fishel, Mark},
   TITLE = {bleu2vec: the Painfully Familiar Metric on Continuous Vector Space Steroids}}
@INPROCEEDINGS{wmt-072,
   AUTHOR = {Burlot, Franck and Yvon, François},
   SORTNAME = {Burlot, Franck and Yvon, Francois},
   TITLE = {Evaluating the morphological competence of Machine Translation Systems}}
@INPROCEEDINGS{wmt-103,
   AUTHOR = {Junczys-Dowmunt, Marcin and Junczys-Dowmunt, Marcin},
   SORTNAME = {Junczys-Dowmunt, Marcin and Junczys-Dowmunt, Marcin},
   TITLE = {The AMU-UEdin Submission to the WMT 2017 Shared Task on Automatic Post-Editing}}
@INPROCEEDINGS{wmt-099,
   AUTHOR = {Peter, Jan-Thorsten and Ney, Hermann and Bojar, Ondřej and Pham, Ngoc-Quan and Niehues, Jan and Waibel, Alex and Burlot, Franck and Yvon, François and Pinnis, Mārcis and Sics, Valters and Bastings, Joost and Rios, Miguel and Aziz, Wilker and Williams, Philip and Blain, Frédéric and Specia, Lucia},
   SORTNAME = {Peter, Jan-Thorsten and Ney, Hermann and Bojar, Ondrej and Pham, Ngoc-Quan and Niehues, Jan and Waibel, Alex and Burlot, Franck and Yvon, Francois and Pinnis, Marcis and Sics, Valters and Bastings, Joost and Rios, Miguel and Aziz, Wilker and Williams, Philip and Blain, Frederic and Specia, Lucia},
   TITLE = {The QT21 Combined Machine Translation System for English to Latvian}}
@INPROCEEDINGS{wmt-084,
   AUTHOR = {Nadejde, Maria and Reddy, Siva and Sennrich, Rico and Dwojak, Tomasz and Junczys-Dowmunt, Marcin and Koehn, Philipp and Birch, Alexandra},
   SORTNAME = {Nadejde, Maria and Reddy, Siva and Sennrich, Rico and Dwojak, Tomasz and Junczys-Dowmunt, Marcin and Koehn, Philipp and Birch, Alexandra},
   TITLE = {Predicting Target Language CCG Supertags Improves Neural Machine Translation}}
@INPROCEEDINGS{wmt-101,
   AUTHOR = {Peter, Jan-Thorsten and Guta, Andreas and Alkhouli, Tamer and Bahar, Parnia and Rosendahl, Jan and Rossenbach, Nick and Graça, Miguel and Ney, Hermann},
   SORTNAME = {Peter, Jan-Thorsten and Guta, Andreas and Alkhouli, Tamer and Bahar, Parnia and Rosendahl, Jan and Rossenbach, Nick and Graca, Miguel and Ney, Hermann},
   TITLE = {The RWTH Aachen University English-German and German-English Machine Translation System for WMT 2017}}
@INPROCEEDINGS{wmt-005,
   AUTHOR = {Varis, Dusan and Bojar, Ondřej},
   SORTNAME = {Varis, Dusan and Bojar, Ondrej},
   TITLE = {CUNI System for WMT17 Automatic Post-Editing Task}}
@INPROCEEDINGS{wmt-056,
   AUTHOR = {Pinnis, Mārcis and Krišlauks, Rihards and Miks, Toms and Deksne, Daiga and Šics, Valters},
   SORTNAME = {Pinnis, Marcis and Krislauks, Rihards and Miks, Toms and Deksne, Daiga and Sics, Valters},
   TITLE = {Tilde's Machine Translation Systems for WMT 2017}}
@INPROCEEDINGS{wmt-055,
   AUTHOR = {Deng, Yongchao and Kim, Jungi and Klein, Guillaume and KOBUS, Catherine and Segal, Natalia and Servan, Christophe and Wang, Bo and Zhang, Dakun and Crego, Josep and Senellart, Jean},
   SORTNAME = {Deng, Yongchao and Kim, Jungi and Klein, Guillaume and KOBUS, Catherine and Segal, Natalia and Servan, Christophe and Wang, Bo and Zhang, Dakun and Crego, Josep and Senellart, Jean},
   TITLE = {SYSTRAN Purely Neural MT Engines for WMT2017}}
@INPROCEEDINGS{wmt-047,
   AUTHOR = {Rios Gonzales, Annette and Mascarell, Laura and Sennrich, Rico},
   SORTNAME = {Rios Gonzales, Annette and Mascarell, Laura and Sennrich, Rico},
   TITLE = {Improving Word Sense Disambiguation in Neural Machine Translation with Sense Embeddings}}
@INPROCEEDINGS{wmt-104,
   AUTHOR = {Bojar, Ondřej and Helcl, Jindřich and Kocmi, Tom and Libovický, Jindřich and Musil, Tomáš},
   SORTNAME = {Bojar, Ondrej and Helcl, Jindrich and Kocmi, Tom and Libovicky, Jindrich and Musil, Tomas},
   TITLE = {Results of the WMT17 Neural MT Training Task}}
@INPROCEEDINGS{wmt-013,
   AUTHOR = {Escolano, Carlos and Costa-jussà, Marta R. and Fonollosa, José A. R.},
   SORTNAME = {Escolano, Carlos and Costa-jussa, Marta R. and Fonollosa, Jose A. R.},
   TITLE = {The TALP-UPC Neural Machine Translation System for German/Finnish-English Using the Inverse Direction Model in Rescoring}}
@INPROCEEDINGS{wmt-048,
   AUTHOR = {Trieu, Long and Pham, Trung-Tin and Nguyen, Le-Minh},
   SORTNAME = {Trieu, Long and Pham, Trung-Tin and Nguyen, Le-Minh},
   TITLE = {The JAIST Machine Translation Systems for WMT 17}}
@INPROCEEDINGS{wmt-116,
   AUTHOR = {Popović, Maja},
   SORTNAME = {Popovic, Maja},
   TITLE = {chrF++: words helping character n-grams}}
@INPROCEEDINGS{wmt-034,
   AUTHOR = {Helcl, Jindřich and Libovický, Jindřich},
   SORTNAME = {Helcl, Jindrich and Libovicky, Jindrich},
   TITLE = {CUNI System for the WMT17 Multimodal Translation Task}}
@INPROCEEDINGS{wmt-019,
   AUTHOR = {Kim, Hyun and Lee, Jong-Hyeok and Na, Seung-Hoon},
   SORTNAME = {Kim, Hyun and Lee, Jong-Hyeok and Na, Seung-Hoon},
   TITLE = {Predictor-Estimator using Multilevel Task Learning with Stack Propagation for Neural Quality Estimation}}
@INPROCEEDINGS{wmt-067,
   AUTHOR = {Burlot, Franck and García-Martínez, Mercedes and Barrault, Loïc and Bougares, Fethi and Yvon, François},
   SORTNAME = {Burlot, Franck and Garcia-Martinez, Mercedes and Barrault, Loic and Bougares, Fethi and Yvon, Francois},
   TITLE = {Word Representations in Factored Neural Machine Translation}}
@INPROCEEDINGS{wmt-002,
   AUTHOR = {Rikters, Matīss and Amrhein, Chantal and Del, Maksym and Fishel, Mark},
   SORTNAME = {Rikters, Matiss and Amrhein, Chantal and Del, Maksym and Fishel, Mark},
   TITLE = {C-3MA: Tartu-Riga-Zurich Translation Systems for WMT17}}
