@INPROCEEDINGS{WMT-061,
   AUTHOR = {Forcada, Mikel L. and Scarton, Carolina and Specia, Lucia and Haddow, Barry and Birch, Alexandra},
   SORTNAME = {Forcada, Mikel L. and Scarton, Carolina and Specia, Lucia and Haddow, Barry and Birch, Alexandra},
   TITLE = {Exploring gap filling as a cheaper alternative to reading comprehension questionnaires when evaluating machine translation for gisting}}
@INPROCEEDINGS{WMT-095,
   AUTHOR = {Papavassiliou, Vassilis and Sofianopoulos, Sokratis and Prokopidis, Prokopis and Piperidis, Stelios},
   SORTNAME = {Papavassiliou, Vassilis and Sofianopoulos, Sokratis and Prokopidis, Prokopis and Piperidis, Stelios},
   TITLE = {The ILSP/ARC submission to the WMT 2018 Parallel Corpus Filtering Shared Task}}
@INPROCEEDINGS{WMT-092,
   AUTHOR = {Rossenbach, Nick and Rosendahl, Jan and Kim, Yunsu and Graça, Miguel and Gokrani, Aman and Ney, Hermann},
   SORTNAME = {Rossenbach, Nick and Rosendahl, Jan and Kim, Yunsu and Graca, Miguel and Gokrani, Aman and Ney, Hermann},
   TITLE = {The RWTH Aachen University Filtering System for the WMT 2018 Parallel Corpus Filtering Task}}
@INPROCEEDINGS{WMT-050,
   AUTHOR = {Wang, Rui and Marie, Benjamin and Utiyama, Masao and Sumita, Eiichiro},
   SORTNAME = {Wang, Rui and Marie, Benjamin and Utiyama, Masao and Sumita, Eiichiro},
   TITLE = {NICT's Corpus Filtering Systems for the WMT18 Parallel Corpus Filtering Task}}
@INPROCEEDINGS{WMT-057,
   AUTHOR = {Post, Matt},
   SORTNAME = {Post, Matt},
   TITLE = {A Call for Clarity in Reporting BLEU Scores}}
@INPROCEEDINGS{WMT-150,
   AUTHOR = {Basu, Prasenjit and Pal, Santanu and Naskar, Sudip Kumar},
   SORTNAME = {Basu, Prasenjit and Pal, Santanu and Naskar, Sudip Kumar},
   TITLE = {Keep It or Not: Word Level Quality Estimation for Post-Editing}}
@INPROCEEDINGS{WMT-159,
   AUTHOR = {DENG, Yongchao and Cheng, Shanbo and Lu, Jun and Song, Kai and Wang, Jingang and Wu, Shenglan and Yao, Liang and Zhang, Guchun and Zhang, Haibo and Zhang, Pei and Zhu, Changfeng and Chen, Boxing},
   SORTNAME = {DENG, Yongchao and Cheng, Shanbo and Lu, Jun and Song, Kai and Wang, Jingang and Wu, Shenglan and Yao, Liang and Zhang, Guchun and Zhang, Haibo and Zhang, Pei and Zhu, Changfeng and Chen, Boxing},
   TITLE = {Alibaba's Neural Machine Translation Systems for WMT18}}
@INPROCEEDINGS{WMT-035,
   AUTHOR = {Gwinnup, Jeremy and Sandvick, Joshua and Hutt, Michael and Erdmann, Grant and Duselis, John and Davis, James},
   SORTNAME = {Gwinnup, Jeremy and Sandvick, Joshua and Hutt, Michael and Erdmann, Grant and Duselis, John and Davis, James},
   TITLE = {The AFRL-Ohio State WMT18 Multimodal System: Combining Visual with Traditional}}
@INPROCEEDINGS{WMT-161,
   AUTHOR = {Pylypenko, Daria and Rubino, Raphael},
   SORTNAME = {Pylypenko, Daria and Rubino, Raphael},
   TITLE = {DFKI-MLT System Description for the WMT18 Automatic Post-editing Task}}
@INPROCEEDINGS{WMT-069,
   AUTHOR = {Šoštarić, Margita and Hardmeier, Christian and Stymne, Sara},
   SORTNAME = {Sostaric, Margita and Hardmeier, Christian and Stymne, Sara},
   TITLE = {Discourse-Related Language Contrasts in English-Croatian Human and Machine Translation}}
@INPROCEEDINGS{WMT-056,
   AUTHOR = {Morishita, Makoto and Suzuki, Jun and Nagata, Masaaki},
   SORTNAME = {Morishita, Makoto and Suzuki, Jun and Nagata, Masaaki},
   TITLE = {NTT's Neural Machine Translation Systems for WMT 2018}}
@INPROCEEDINGS{WMT-105,
   AUTHOR = {Choudhary, Himanshu and Pathak, Aditya Kumar and Saha, Rajiv Ratan and Kumaraguru, Ponnurangam},
   SORTNAME = {Choudhary, Himanshu and Pathak, Aditya Kumar and Saha, Rajiv Ratan and Kumaraguru, Ponnurangam},
   TITLE = {Neural Machine Translation for English-Tamil}}
@INPROCEEDINGS{WMT-051,
   AUTHOR = {Pham, Ngoc-Quan and Niehues, Jan and Waibel, Alexander},
   SORTNAME = {Pham, Ngoc-Quan and Niehues, Jan and Waibel, Alexander},
   TITLE = {The Karlsruhe Institute of Technology Systems for the News Translation Task in WMT 2018}}
@INPROCEEDINGS{WMT-058,
   AUTHOR = {Guo, Yinuo and Ruan, Chong and Hu, Junfeng},
   SORTNAME = {Guo, Yinuo and Ruan, Chong and Hu, Junfeng},
   TITLE = {Meteor++: Incorporating Copy Knowledge into Machine Translation Evaluation}}
@INPROCEEDINGS{WMT-067,
   AUTHOR = {Ive, Julia and Scarton, Carolina and Blain, Frédéric and Specia, Lucia},
   SORTNAME = {Ive, Julia and Scarton, Carolina and Blain, Frederic and Specia, Lucia},
   TITLE = {Sheffield Submissions for the WMT18 Quality Estimation Shared Task}}
@INPROCEEDINGS{WMT-093,
   AUTHOR = {Grönroos, Stig-Arne and Huet, Benoit and Kurimo, Mikko and Laaksonen, Jorma and Merialdo, Bernard and Pham, Phu and Sjöberg, Mats and Sulubacak, Umut and Tiedemann, Jörg and Troncy, Raphael and Vázquez, Raúl},
   SORTNAME = {Gronroos, Stig-Arne and Huet, Benoit and Kurimo, Mikko and Laaksonen, Jorma and Merialdo, Bernard and Pham, Phu and Sjoberg, Mats and Sulubacak, Umut and Tiedemann, Jorg and Troncy, Raphael and Vazquez, Raul},
   TITLE = {The MeMAD Submission to the WMT18 Multimodal Translation Task}}
@INPROCEEDINGS{WMT-060,
   AUTHOR = {Lu, Yichao and Keung, Phillip and Ladhak, Faisal and Bhardwaj, Vikas and Zhang, Shaonan and Sun, Jason},
   SORTNAME = {Lu, Yichao and Keung, Phillip and Ladhak, Faisal and Bhardwaj, Vikas and Zhang, Shaonan and Sun, Jason},
   TITLE = {A neural interlingua for multilingual machine translation}}
@INPROCEEDINGS{WMT-034,
   AUTHOR = {Rios, Annette and Müller, Mathias and Sennrich, Rico},
   SORTNAME = {Rios, Annette and Muller, Mathias and Sennrich, Rico},
   TITLE = {The Word Sense Disambiguation Test Suite at WMT18}}
@INPROCEEDINGS{WMT-033,
   AUTHOR = {Erdmann, Grant and Gwinnup, Jeremy},
   SORTNAME = {Erdmann, Grant and Gwinnup, Jeremy},
   TITLE = {Coverage and Cynicism: The AFRL Submission to the WMT 2018 Parallel Corpus Filtering Task}}
@INPROCEEDINGS{WMT-158,
   AUTHOR = {Khayrallah, Huda and Xu, Hainan and Koehn, Philipp},
   SORTNAME = {Khayrallah, Huda and Xu, Hainan and Koehn, Philipp},
   TITLE = {The JHU Parallel Corpus Filtering Systems for WMT 2018}}
@INPROCEEDINGS{WMT-167,
   AUTHOR = {Pal, Santanu and Herbig, Nico and Krüger, Antonio and van Genabith, Josef},
   SORTNAME = {Pal, Santanu and Herbig, Nico and Kruger, Antonio and van Genabith, Josef},
   TITLE = {A Transformer-Based Multi-Source Automatic Post-Editing System}}
@INPROCEEDINGS{WMT-169,
   AUTHOR = {Del, Maksym and Tättar, Andre and Fishel, Mark},
   SORTNAME = {Del, Maksym and Tattar, Andre and Fishel, Mark},
   TITLE = {Phrase-based Unsupervised Machine Translation with Compositional Phrase Embeddings}}
@INPROCEEDINGS{WMT-180,
   AUTHOR = {Guillou, Liane and Hardmeier, Christian and Lapshinova-Koltunski, Ekaterina and Loáiciga, Sharid},
   SORTNAME = {Guillou, Liane and Hardmeier, Christian and Lapshinova-Koltunski, Ekaterina and Loaiciga, Sharid},
   TITLE = {A Pronoun Test Suite Evaluation of the English---German MT Systems at WMT 2018}}
@INPROCEEDINGS{WMT-187,
   AUTHOR = {Bojar, Ondřej and Federmann, Christian and Fishel, Mark and Haddow, Barry and Koehn, Philipp and Monz, Christof},
   SORTNAME = {Bojar, Ondrej and Federmann, Christian and Fishel, Mark and Haddow, Barry and Koehn, Philipp and Monz, Christof},
   TITLE = {Findings of the 2018 Conference on Machine Translation (WMT18)}}
@INPROCEEDINGS{WMT-173,
   AUTHOR = {Popel, Martin},
   SORTNAME = {Popel, Martin},
   TITLE = {CUNI Transformer Neural MT System for WMT18}}
@INPROCEEDINGS{WMT-145,
   AUTHOR = {Stahlberg, Felix and Cross, James and Stoyanov, Veselin},
   SORTNAME = {Stahlberg, Felix and Cross, James and Stoyanov, Veselin},
   TITLE = {Simple Fusion: Return of the Language Model}}
@INPROCEEDINGS{WMT-011,
   AUTHOR = {Hu, Bojie and Han, Ambyer and Huang, Shen},
   SORTNAME = {Hu, Bojie and Han, Ambyer and Huang, Shen},
   TITLE = {TencentFmRD Neural Machine Translation for WMT18}}
@INPROCEEDINGS{WMT-142,
   AUTHOR = {Koehn, Philipp and Duh, Kevin and Thompson, Brian},
   SORTNAME = {Koehn, Philipp and Duh, Kevin and Thompson, Brian},
   TITLE = {The JHU Machine Translation Systems for WMT 2018}}
@INPROCEEDINGS{WMT-029,
   AUTHOR = {Casas, Noe and Escolano, Carlos and Costa-jussà, Marta R. and Fonollosa, José A. R.},
   SORTNAME = {Casas, Noe and Escolano, Carlos and Costa-jussa, Marta R. and Fonollosa, Jose A. R.},
   TITLE = {The TALP-UPC Machine Translation Systems for WMT18 News Shared Translation Task}}
@INPROCEEDINGS{WMT-016,
   AUTHOR = {Zhang, Longtu and Komachi, Mamoru},
   SORTNAME = {Zhang, Longtu and Komachi, Mamoru},
   TITLE = {Neural Machine Translation of Logographic Language Using Sub-character Level Information}}
@INPROCEEDINGS{WMT-129,
   AUTHOR = {Stojanovski, Dario and Hangya, Viktor and Huck, Matthias and Fraser, Alexander},
   SORTNAME = {Stojanovski, Dario and Hangya, Viktor and Huck, Matthias and Fraser, Alexander},
   TITLE = {The LMU Munich Unsupervised Machine Translation Systems}}
@INPROCEEDINGS{WMT-089,
   AUTHOR = {Molchanov, Alexander},
   SORTNAME = {Molchanov, Alexander},
   TITLE = {PROMT Systems for WMT 2018 Shared Translation Task}}
@INPROCEEDINGS{WMT-116,
   AUTHOR = {Wang, Mingxuan and Gong, Li and Zhu, Wenhuan and Xie, Jun and Bian, Chao},
   SORTNAME = {Wang, Mingxuan and Gong, Li and Zhu, Wenhuan and Xie, Jun and Bian, Chao},
   TITLE = {Tencent Neural Machine Translation Systems for WMT18}}
@INPROCEEDINGS{WMT-073,
   AUTHOR = {Kocmi, Tom and Sudarikov, Roman and Bojar, Ondřej},
   SORTNAME = {Kocmi, Tom and Sudarikov, Roman and Bojar, Ondrej},
   TITLE = {CUNI Submissions in WMT18}}
@INPROCEEDINGS{WMT-087,
   AUTHOR = {Pappas, Nikolaos and Miculicich, Lesly and Henderson, James},
   SORTNAME = {Pappas, Nikolaos and Miculicich, Lesly and Henderson, James},
   TITLE = {Beyond Weight Tying: Learning Joint Input-Output Embeddings for Neural Machine Translation}}
@INPROCEEDINGS{WMT-080,
   AUTHOR = {Stojanovski, Dario and Fraser, Alexander},
   SORTNAME = {Stojanovski, Dario and Fraser, Alexander},
   TITLE = {Coreference and Coherence in Neural Machine Translation: A Study Using Oracle Experiments}}
@INPROCEEDINGS{WMT-028,
   AUTHOR = {Lu, Jun and Lv, Xiaoyu and Shi, Yangbin and Chen, Boxing},
   SORTNAME = {Lu, Jun and Lv, Xiaoyu and Shi, Yangbin and Chen, Boxing},
   TITLE = {Alibaba Submission to the WMT18 Parallel Corpus Filtering Task}}
@INPROCEEDINGS{WMT-143,
   AUTHOR = {Gwinnup, Jeremy and Anderson, Tim and Erdmann, Grant and Young, Katherine},
   SORTNAME = {Gwinnup, Jeremy and Anderson, Tim and Erdmann, Grant and Young, Katherine},
   TITLE = {The AFRL WMT18 Systems: Ensembling, Continuation and Combination}}
@INPROCEEDINGS{WMT-017,
   AUTHOR = {Grozea, Cristian},
   SORTNAME = {Grozea, Cristian},
   TITLE = {Ensemble of Translators with Automatic Selection of the Best Translation\\ -- the submission of FOKUS to the WMT 18 biomedical translation task --}}
@INPROCEEDINGS{WMT-001,
   AUTHOR = {Pinnis, Mārcis and Rikters, Matīss and Krišlauks, Rihards},
   SORTNAME = {Pinnis, Marcis and Rikters, Matiss and Krislauks, Rihards},
   TITLE = {Tilde's Machine Translation Systems for WMT 2018}}
@INPROCEEDINGS{WMT-010,
   AUTHOR = {Barbu, Eduard and Barbu Mititelu, Verginica},
   SORTNAME = {Barbu, Eduard and Barbu Mititelu, Verginica},
   TITLE = {A hybrid pipeline of rules and machine learning to filter web-crawled parallel corpora}}
@INPROCEEDINGS{WMT-186,
   AUTHOR = {Koehn, Philipp and Khayrallah, Huda and Heafield, Kenneth and Forcada, Mikel L.},
   SORTNAME = {Koehn, Philipp and Khayrallah, Huda and Heafield, Kenneth and Forcada, Mikel L.},
   TITLE = {Findings of the WMT 2018 Shared Task on Parallel Corpus Filtering}}
@INPROCEEDINGS{WMT-026,
   AUTHOR = {Maruf, Sameen and Martins, André F. T. and Haffari, Gholamreza},
   SORTNAME = {Maruf, Sameen and Martins, Andre F. T. and Haffari, Gholamreza},
   TITLE = {Contextual Neural Model for Translating Bilingual Multi-Speaker Conversations}}
@INPROCEEDINGS{WMT-008,
   AUTHOR = {Ash, Tom and Francis, Remi and Williams, Will},
   SORTNAME = {Ash, Tom and Francis, Remi and Williams, Will},
   TITLE = {The Speechmatics Parallel Corpus Filtering System for WMT18}}
@INPROCEEDINGS{WMT-181,
   AUTHOR = {Wang, Qiang and Li, Bei and Liu, Jiqiang and Jiang, Bojian and Zhang, Zheyang and Li, Yinqiao and Lin, Ye and Xiao, Tong and Zhu, Jingbo},
   SORTNAME = {Wang, Qiang and Li, Bei and Liu, Jiqiang and Jiang, Bojian and Zhang, Zheyang and Li, Yinqiao and Lin, Ye and Xiao, Tong and Zhu, Jingbo},
   TITLE = {The NiuTrans Machine Translation System for WMT18}}
@INPROCEEDINGS{WMT-075,
   AUTHOR = {Wang, Wei and Watanabe, Taro and Hughes, Macduff and Nakagawa, Tetsuji and Chelba, Ciprian},
   SORTNAME = {Wang, Wei and Watanabe, Taro and Hughes, Macduff and Nakagawa, Tetsuji and Chelba, Ciprian},
   TITLE = {Denoising Neural Machine Translation Training with Trusted Data and Online Data Selection}}
@INPROCEEDINGS{WMT-121,
   AUTHOR = {Xu, Weijia and Carpuat, Marine},
   SORTNAME = {Xu, Weijia and Carpuat, Marine},
   TITLE = {The University of Maryland's Chinese-English Neural Machine Translation Systems at WMT18}}
@INPROCEEDINGS{WMT-119,
   AUTHOR = {Burlot, Franck and Scherrer, Yves and Ravishankar, Vinit and Bojar, Ondřej and Grönroos, Stig-Arne and Koponen, Maarit and Nieminen, Tommi and Yvon, François},
   SORTNAME = {Burlot, Franck and Scherrer, Yves and Ravishankar, Vinit and Bojar, Ondrej and Gronroos, Stig-Arne and Koponen, Maarit and Nieminen, Tommi and Yvon, Francois},
   TITLE = {The WMT'18 Morpheval test suites for English-Czech, English-German, English-Finnish and Turkish-English}}
@INPROCEEDINGS{WMT-043,
   AUTHOR = {Helcl, Jindřich and Libovický, Jindřich and Varis, Dusan},
   SORTNAME = {Helcl, Jindrich and Libovicky, Jindrich and Varis, Dusan},
   TITLE = {CUNI System for the WMT18 Multimodal Translation Task}}
@INPROCEEDINGS{WMT-128,
   AUTHOR = {Guo, Mandy and Shen, Qinlan and Yang, Yinfei and Ge, Heming and Cer, Daniel and Hernandez Abrego, Gustavo and Stevens, Keith and Constant, Noah and Sung, Yun-hsuan and Strope, Brian and Kurzweil, Ray},
   SORTNAME = {Guo, Mandy and Shen, Qinlan and Yang, Yinfei and Ge, Heming and Cer, Daniel and Hernandez Abrego, Gustavo and Stevens, Keith and Constant, Noah and Sung, Yun-hsuan and Strope, Brian and Kurzweil, Ray},
   TITLE = {Effective Parallel Corpus Mining using Bilingual Sentence Embeddings}}
@INPROCEEDINGS{WMT-088,
   AUTHOR = {Duma, Mirela-Stefania and Menzel, Wolfgang},
   SORTNAME = {Duma, Mirela-Stefania and Menzel, Wolfgang},
   TITLE = {Translation of Biomedical Documents with Focus on Spanish-English}}
@INPROCEEDINGS{WMT-117,
   AUTHOR = {Duma, Melania and Menzel, Wolfgang},
   SORTNAME = {Duma, Melania and Menzel, Wolfgang},
   TITLE = {The Benefit of Pseudo-Reference Translations in Quality Estimation of MT Output}}
@INPROCEEDINGS{WMT-153,
   AUTHOR = {Huck, Matthias and Stojanovski, Dario and Hangya, Viktor and Fraser, Alexander},
   SORTNAME = {Huck, Matthias and Stojanovski, Dario and Hangya, Viktor and Fraser, Alexander},
   TITLE = {LMU Munich's Neural Machine Translation Systems at WMT 2018}}
@INPROCEEDINGS{WMT-038,
   AUTHOR = {Haddow, Barry and Bogoychev, Nikolay and Emelin, Denis and Germann, Ulrich and Grundkiewicz, Roman and Heafield, Kenneth and Miceli Barone, Antonio Valerio and Sennrich, Rico},
   SORTNAME = {Haddow, Barry and Bogoychev, Nikolay and Emelin, Denis and Germann, Ulrich and Grundkiewicz, Roman and Heafield, Kenneth and Miceli Barone, Antonio Valerio and Sennrich, Rico},
   TITLE = {The University of Edinburgh's Submissions to the WMT18 News Translation Task}}
@INPROCEEDINGS{WMT-154,
   AUTHOR = {Khan, Abdul and Panda, Subhadarshi and Xu, Jia and Flokas, Lampros},
   SORTNAME = {Khan, Abdul and Panda, Subhadarshi and Xu, Jia and Flokas, Lampros},
   TITLE = {Hunter NMT System for WMT18 Biomedical Translation Task: Transfer Learning in Neural Machine Translation}}
@INPROCEEDINGS{WMT-036,
   AUTHOR = {Toral, Antonio and Castilho, Sheila and Hu, Ke and Way, Andy},
   SORTNAME = {Toral, Antonio and Castilho, Sheila and Hu, Ke and Way, Andy},
   TITLE = {Attaining the Unattainable? Reassessing Claims of Human Parity in Neural Machine Translation}}
@INPROCEEDINGS{WMT-165,
   AUTHOR = {Junczys-Dowmunt, Marcin},
   SORTNAME = {Junczys-Dowmunt, Marcin},
   TITLE = {Microsoft's Submission to the WMT2018 News Translation Task: How I Learned to Stop Worrying and Love the Data}}
@INPROCEEDINGS{WMT-091,
   AUTHOR = {Macketanz, Vivien and Avramidis, Eleftherios and Burchardt, Aljoscha and Uszkoreit, Hans},
   SORTNAME = {Macketanz, Vivien and Avramidis, Eleftherios and Burchardt, Aljoscha and Uszkoreit, Hans},
   TITLE = {Fine-grained evaluation of German-English Machine Translation based on a Test Suite}}
@INPROCEEDINGS{WMT-136,
   AUTHOR = {Alkhouli, Tamer and Bretschner, Gabriel and Ney, Hermann},
   SORTNAME = {Alkhouli, Tamer and Bretschner, Gabriel and Ney, Hermann},
   TITLE = {On The Alignment Problem In Multi-Head Attention-Based Neural Machine Translation}}
@INPROCEEDINGS{WMT-096,
   AUTHOR = {Soares, Felipe and Becker, Karin},
   SORTNAME = {Soares, Felipe and Becker, Karin},
   TITLE = {UFRGS Participation on the WMT Biomedical Translation Shared Task}}
@INPROCEEDINGS{WMT-109,
   AUTHOR = {Müller, Mathias and Rios, Annette and Voita, Elena and Sennrich, Rico},
   SORTNAME = {Muller, Mathias and Rios, Annette and Voita, Elena and Sennrich, Rico},
   TITLE = {A Large-Scale Test Set for the Evaluation of Context-Aware Pronoun Translation in Neural Machine Translation}}
@INPROCEEDINGS{WMT-054,
   AUTHOR = {Bei, Chao and Zong, Hao and Wang, Yiming and Fan, Baoyong and Li, Shiqi and Yuan, Conghu},
   SORTNAME = {Bei, Chao and Zong, Hao and Wang, Yiming and Fan, Baoyong and Li, Shiqi and Yuan, Conghu},
   TITLE = {An Empirical Study of Machine Translation for the Shared Task of WMT18}}
@INPROCEEDINGS{WMT-098,
   AUTHOR = {Herold, Christian and Gao, Yingbo and Ney, Hermann},
   SORTNAME = {Herold, Christian and Gao, Yingbo and Ney, Hermann},
   TITLE = {Improving Neural Language Models with Weight Norm Initialization and Regularization}}
@INPROCEEDINGS{WMT-138,
   AUTHOR = {Sachan, Devendra and Neubig, Graham},
   SORTNAME = {Sachan, Devendra and Neubig, Graham},
   TITLE = {Parameter Sharing Methods for Multilingual Self-Attentional Translation Models}}
@INPROCEEDINGS{WMT-053,
   AUTHOR = {Pinnis, Mārcis},
   SORTNAME = {Pinnis, Marcis},
   TITLE = {Tilde's Parallel Corpus Filtering Methods for WMT 2018}}
@INPROCEEDINGS{WMT-030,
   AUTHOR = {Etchegoyhen, Thierry and Martínez Garcia, Eva and Azpeitia, Andoni},
   SORTNAME = {Etchegoyhen, Thierry and Martinez Garcia, Eva and Azpeitia, Andoni},
   TITLE = {Supervised and Unsupervised Minimalist Quality Estimators: Vicomtech's Participation in the WMT 2018 Quality Estimation Task}}
@INPROCEEDINGS{WMT-164,
   AUTHOR = {Junczys-Dowmunt, Marcin},
   SORTNAME = {Junczys-Dowmunt, Marcin},
   TITLE = {Dual Conditional Cross-Entropy Filtering of Noisy Parallel Corpora}}
@INPROCEEDINGS{WMT-037,
   AUTHOR = {Tang, Gongbo and Sennrich, Rico and Nivre, Joakim},
   SORTNAME = {Tang, Gongbo and Sennrich, Rico and Nivre, Joakim},
   TITLE = {An Analysis of Attention Mechanisms: The Case of Word Sense Disambiguation in Neural Machine Translation}}
@INPROCEEDINGS{WMT-155,
   AUTHOR = {Hu, Junjie and Chang, Wei-Cheng and Wu, Yuexin and Neubig, Graham},
   SORTNAME = {Hu, Junjie and Chang, Wei-Cheng and Wu, Yuexin and Neubig, Graham},
   TITLE = {Contextual Encoding for Translation Quality Estimation}}
@INPROCEEDINGS{WMT-039,
   AUTHOR = {Raganato, Alessandro and Scherrer, Yves and Nieminen, Tommi and Hurskainen, Arvi and Tiedemann, Jörg},
   SORTNAME = {Raganato, Alessandro and Scherrer, Yves and Nieminen, Tommi and Hurskainen, Arvi and Tiedemann, Jorg},
   TITLE = {The University of Helsinki submissions to the WMT18 news task}}
@INPROCEEDINGS{WMT-152,
   AUTHOR = {Silva, Catarina Cruz and Liu, Chao-Hong and Poncelas, Alberto and Way, Andy},
   SORTNAME = {Silva, Catarina Cruz and Liu, Chao-Hong and Poncelas, Alberto and Way, Andy},
   TITLE = {Extracting In-domain Training Corpora for Neural Machine Translation Using Data Selection Methods}}
@INPROCEEDINGS{WMT-106,
   AUTHOR = {Panja, Joybrata and Naskar, Sudip Kumar},
   SORTNAME = {Panja, Joybrata and Naskar, Sudip Kumar},
   TITLE = {ITER: Improving Translation Edit Rate through Optimizable Edit Costs}}
@INPROCEEDINGS{WMT-099,
   AUTHOR = {Libovický, Jindřich and Helcl, Jindřich and Mareček, David},
   SORTNAME = {Libovicky, Jindrich and Helcl, Jindrich and Marecek, David},
   TITLE = {Input Combination Strategies for Multi-Source Transformer Decoder}}
@INPROCEEDINGS{WMT-052,
   AUTHOR = {Yankovskaya, Elizaveta and Tättar, Andre and Fishel, Mark},
   SORTNAME = {Yankovskaya, Elizaveta and Tattar, Andre and Fishel, Mark},
   TITLE = {Quality Estimation with Force-Decoded Attention and Cross-lingual Embeddings}}
@INPROCEEDINGS{WMT-139,
   AUTHOR = {Ott, Myle and Edunov, Sergey and Grangier, David and Auli, Michael},
   SORTNAME = {Ott, Myle and Edunov, Sergey and Grangier, David and Auli, Michael},
   TITLE = {Scaling Neural Machine Translation}}
@INPROCEEDINGS{WMT-101,
   AUTHOR = {Wang, Jiayi and Fan, Kai and Li, Bo and Zhou, Fengming and Chen, Boxing and Shi, Yangbin and Si, Luo},
   SORTNAME = {Wang, Jiayi and Fan, Kai and Li, Bo and Zhou, Fengming and Chen, Boxing and Shi, Yangbin and Si, Luo},
   TITLE = {Alibaba Submission for WMT18 Quality Estimation Task}}
@INPROCEEDINGS{WMT-137,
   AUTHOR = {Stahlberg, Felix and de Gispert, Adrià and Byrne, Bill},
   SORTNAME = {Stahlberg, Felix and de Gispert, Adria and Byrne, Bill},
   TITLE = {The University of Cambridge's Machine Translation Systems for WMT18}}
@INPROCEEDINGS{WMT-063,
   AUTHOR = {Sánchez-Cartagena, Víctor M. and Bañón, Marta and Ortiz Rojas, Sergio and Ramírez, Gema},
   SORTNAME = {Sanchez-Cartagena, Victor M. and Banon, Marta and Ortiz Rojas, Sergio and Ramirez, Gema},
   TITLE = {Prompsit's submission to WMT 2018 Parallel Corpus Filtering shared task}}
@INPROCEEDINGS{WMT-090,
   AUTHOR = {Graça, Miguel and Kim, Yunsu and Schamper, Julian and Geng, Jiahui and Ney, Hermann},
   SORTNAME = {Graca, Miguel and Kim, Yunsu and Schamper, Julian and Geng, Jiahui and Ney, Hermann},
   TITLE = {The RWTH Aachen University English-German and German-English Unsupervised Neural Machine Translation Systems for WMT 2018}}
@INPROCEEDINGS{WMT-046,
   AUTHOR = {Marie, Benjamin and Wang, Rui and Fujita, Atsushi and Utiyama, Masao and Sumita, Eiichiro},
   SORTNAME = {Marie, Benjamin and Wang, Rui and Fujita, Atsushi and Utiyama, Masao and Sumita, Eiichiro},
   TITLE = {NICT's Neural and Statistical Machine Translation Systems for the WMT18 News Translation Task}}
@INPROCEEDINGS{WMT-079,
   AUTHOR = {Hangya, Viktor and Fraser, Alexander},
   SORTNAME = {Hangya, Viktor and Fraser, Alexander},
   TITLE = {An Unsupervised System for Parallel Corpus Filtering}}
@INPROCEEDINGS{WMT-041,
   AUTHOR = {Shimanaka, Hiroki and Kajiwara, Tomoyuki and Komachi, Mamoru},
   SORTNAME = {Shimanaka, Hiroki and Kajiwara, Tomoyuki and Komachi, Mamoru},
   TITLE = {RUSE: Regressor Using Sentence Embeddings for Automatic Machine Translation Evaluation}}
@INPROCEEDINGS{WMT-115,
   AUTHOR = {Littell, Patrick and Larkin, Samuel and Stewart, Darlene and Simard, Michel and Goutte, Cyril and Lo, Chi-kiu},
   SORTNAME = {Littell, Patrick and Larkin, Samuel and Stewart, Darlene and Simard, Michel and Goutte, Cyril and Lo, Chi-kiu},
   TITLE = {Measuring sentence parallelism using Mahalanobis distances: The NRC unsupervised submissions to the WMT18 Parallel Corpus Filtering shared task}}
@INPROCEEDINGS{WMT-123,
   AUTHOR = {Tebbifakhr, Amirhossein and Agrawal, Ruchit and Negri, Matteo and Turchi, Marco},
   SORTNAME = {Tebbifakhr, Amirhossein and Agrawal, Ruchit and Negri, Matteo and Turchi, Marco},
   TITLE = {Multi-source transformer with combined losses for automatic post editing}}
@INPROCEEDINGS{WMT-048,
   AUTHOR = {Caglayan, Ozan and Bardet, Adrien and Bougares, Fethi and Barrault, Loïc and Wang, Kai and Masana, Marc and Herranz, Luis and van de Weijer, Joost},
   SORTNAME = {Caglayan, Ozan and Bardet, Adrien and Bougares, Fethi and Barrault, Loic and Wang, Kai and Masana, Marc and Herranz, Luis and van de Weijer, Joost},
   TITLE = {LIUM-CVC Submissions for WMT18 Multimodal Translation Task}}
@INPROCEEDINGS{WMT-070,
   AUTHOR = {Sánchez-Martínez, Felipe and Esplà-Gomis, Miquel and Forcada, Mikel L.},
   SORTNAME = {Sanchez-Martinez, Felipe and Espla-Gomis, Miquel and Forcada, Mikel L.},
   TITLE = {UAlacant machine translation quality estimation at WMT 2018: a simple approach using phrase tables and feed-forward neural networks}}
@INPROCEEDINGS{WMT-124,
   AUTHOR = {Lakew, Surafel Melaku and Erofeeva, Aliia and Federico, Marcello},
   SORTNAME = {Lakew, Surafel Melaku and Erofeeva, Aliia and Federico, Marcello},
   TITLE = {Neural Machine Translation into Language Varieties}}
@INPROCEEDINGS{WMT-184,
   AUTHOR = {Chatterjee, Rajen and Negri, Matteo and Rubino, Raphael and Turchi, Marco},
   SORTNAME = {Chatterjee, Rajen and Negri, Matteo and Rubino, Raphael and Turchi, Marco},
   TITLE = {Findings of the WMT 2018 Shared Task on Automatic Post-Editing}}
@INPROCEEDINGS{WMT-170,
   AUTHOR = {Junczys-Dowmunt, Marcin and Grundkiewicz, Roman},
   SORTNAME = {Junczys-Dowmunt, Marcin and Grundkiewicz, Roman},
   TITLE = {MS-UEdin Submission to the WMT2018 APE Shared Task: \\Dual-Source Transformer for Automatic Post-Editing}}
@INPROCEEDINGS{WMT-177,
   AUTHOR = {Biçici, Ergun},
   SORTNAME = {Bicici, Ergun},
   TITLE = {RTM results for Predicting Translation Performance}}
@INPROCEEDINGS{WMT-183,
   AUTHOR = {Specia, Lucia and Blain, Frédéric and Logacheva, Varvara and Astudillo, Ramón and Martins, André F. T.},
   SORTNAME = {Specia, Lucia and Blain, Frederic and Logacheva, Varvara and Astudillo, Ramon and Martins, Andre F. T.},
   TITLE = {Findings of the WMT 2018 Shared Task on Quality Estimation}}
@INPROCEEDINGS{WMT-148,
   AUTHOR = {Murray, Kenton and Chiang, David},
   SORTNAME = {Murray, Kenton and Chiang, David},
   TITLE = {Correcting Length Bias in Neural Machine Translation}}
@INPROCEEDINGS{WMT-004,
   AUTHOR = {Nikolov, Nikola and Hu, Yuhuang and Tan, Mi Xue and Hahnloser, Richard H.R.},
   SORTNAME = {Nikolov, Nikola and Hu, Yuhuang and Tan, Mi Xue and Hahnloser, Richard H.R.},
   TITLE = {Character-level Chinese-English Translation through ASCII Encoding}}
@INPROCEEDINGS{WMT-015,
   AUTHOR = {Thompson, Brian and Khayrallah, Huda and Anastasopoulos, Antonios and McCarthy, Arya D. and Duh, Kevin and Marvin, Rebecca and McNamee, Paul and Gwinnup, Jeremy and Anderson, Tim and Koehn, Philipp},
   SORTNAME = {Thompson, Brian and Khayrallah, Huda and Anastasopoulos, Antonios and McCarthy, Arya D. and Duh, Kevin and Marvin, Rebecca and McNamee, Paul and Gwinnup, Jeremy and Anderson, Tim and Koehn, Philipp},
   TITLE = {Freezing Subnetworks to Analyze Domain Adaptation in Neural Machine Translation}}
@INPROCEEDINGS{WMT-003,
   AUTHOR = {Tubay, Brian and Costa-jussà, Marta R.},
   SORTNAME = {Tubay, Brian and Costa-jussa, Marta R.},
   TITLE = {Neural Machine Translation with the Transformer and Multi-Source Romance Languages for the Biomedical WMT 2018 task}}
@INPROCEEDINGS{WMT-146,
   AUTHOR = {Lala, Chiraag and Madhyastha, Pranava Swaroop and Scarton, Carolina and Specia, Lucia},
   SORTNAME = {Lala, Chiraag and Madhyastha, Pranava Swaroop and Scarton, Carolina and Specia, Lucia},
   TITLE = {Sheffield Submissions for WMT18 Multimodal Translation Shared Task}}
@INPROCEEDINGS{WMT-179,
   AUTHOR = {Bojar, Ondřej and Mírovský, Jiří and Rysová, Kateřina and Rysová, Magdaléna},
   SORTNAME = {Bojar, Ondrej and Mirovsky, Jiri and Rysova, Katerina and Rysova, Magdalena},
   TITLE = {EvalD Reference-Less Discourse Evaluation for WMT18}}
@INPROCEEDINGS{WMT-085,
   AUTHOR = {Schamper, Julian and Rosendahl, Jan and Bahar, Parnia and Kim, Yunsu and Nix, Arne and Ney, Hermann},
   SORTNAME = {Schamper, Julian and Rosendahl, Jan and Bahar, Parnia and Kim, Yunsu and Nix, Arne and Ney, Hermann},
   TITLE = {The RWTH Aachen University Supervised Machine Translation Systems for WMT 2018}}
@INPROCEEDINGS{WMT-071,
   AUTHOR = {Kocmi, Tom and Bojar, Ondřej},
   SORTNAME = {Kocmi, Tom and Bojar, Ondrej},
   TITLE = {Trivial Transfer Learning for Low-Resource Neural Machine Translation}}
@INPROCEEDINGS{WMT-076,
   AUTHOR = {Burlot, Franck and Yvon, François},
   SORTNAME = {Burlot, Franck and Yvon, Francois},
   TITLE = {Using Monolingual Data in Neural Machine Translation: a Systematic Study}}
@INPROCEEDINGS{WMT-082,
   AUTHOR = {Grönroos, Stig-Arne and Virpioja, Sami and Kurimo, Mikko},
   SORTNAME = {Gronroos, Stig-Arne and Virpioja, Sami and Kurimo, Mikko},
   TITLE = {Cognate-aware morphological segmentation for multilingual neural translation}}
@INPROCEEDINGS{WMT-049,
   AUTHOR = {Zheng, Renjie and Yang, Yilin and Ma, Mingbo and Huang, Liang},
   SORTNAME = {Zheng, Renjie and Yang, Yilin and Ma, Mingbo and Huang, Liang},
   TITLE = {Ensemble Sequence Level Training for Multimodal MT: OSU-Baidu WMT18 Multimodal Machine Translation System Report}}
@INPROCEEDINGS{WMT-040,
   AUTHOR = {Iranzo-Sánchez, Javier and Baquero-Arnal, Pau and Garcés Díaz-Munío, Gonçal V. and Martínez-Villaronga, Adrià and Civera, Jorge and Juan, Alfons},
   SORTNAME = {Iranzo-Sanchez, Javier and Baquero-Arnal, Pau and Garces Diaz-Munio, Goncal V. and Martinez-Villaronga, Adria and Civera, Jorge and Juan, Alfons},
   TITLE = {The MLLP-UPV German-English Machine Translation System for WMT18}}
@INPROCEEDINGS{WMT-114,
   AUTHOR = {Azpeitia, Andoni and Etchegoyhen, Thierry and Martínez garcia, Eva},
   SORTNAME = {Azpeitia, Andoni and Etchegoyhen, Thierry and Martinez garcia, Eva},
   TITLE = {STACC, OOV Density and N-gram Saturation: Vicomtech's Participation in the WMT 2018 Shared Task on Parallel Corpus Filtering}}
@INPROCEEDINGS{WMT-047,
   AUTHOR = {Mahata, Sainik Kumar and Das, Dipankar and Bandyopadhyay, Sivaji},
   SORTNAME = {Mahata, Sainik Kumar and Das, Dipankar and Bandyopadhyay, Sivaji},
   TITLE = {JUCBNMT at WMT2018 News Translation Task: Character Based Neural Machine Translation of Finnish to English}}
@INPROCEEDINGS{WMT-113,
   AUTHOR = {Pham, Minh Quang and Crego, Josep and Senellart, Jean},
   SORTNAME = {Pham, Minh Quang and Crego, Josep and Senellart, Jean},
   TITLE = {SYSTRAN Participation to the WMT2018 Shared Task on Parallel Corpus Filtering}}
@INPROCEEDINGS{WMT-002,
   AUTHOR = {Fomicheva, Marina and González-Rubio, Jesús},
   SORTNAME = {Fomicheva, Marina and Gonzalez-Rubio, Jesus},
   TITLE = {MAJE Submission to the WMT2018 Shared Task on Parallel Corpus Filtering}}
@INPROCEEDINGS{WMT-178,
   AUTHOR = {Cinkova, Silvie and Bojar, Ondřej},
   SORTNAME = {Cinkova, Silvie and Bojar, Ondrej},
   TITLE = {Testsuite on Czech---English Grammatical Contrasts}}
@INPROCEEDINGS{WMT-005,
   AUTHOR = {Zhou, Zhong and Sperber, Matthias and Waibel, Alexander},
   SORTNAME = {Zhou, Zhong and Sperber, Matthias and Waibel, Alexander},
   TITLE = {Massively Parallel Cross-Lingual Learning in Low-Resource Target Language Translation}}
@INPROCEEDINGS{WMT-140,
   AUTHOR = {Lo, Chi-kiu and Simard, Michel and Stewart, Darlene and Larkin, Samuel and Goutte, Cyril and Littell, Patrick},
   SORTNAME = {Lo, Chi-kiu and Simard, Michel and Stewart, Darlene and Larkin, Samuel and Goutte, Cyril and Littell, Patrick},
   TITLE = {Accurate semantic textual similarity for cleaning noisy parallel corpora using semantic machine translation evaluation metric: The NRC supervised submissions to the Parallel Corpus Filtering task}}
@INPROCEEDINGS{WMT-014,
   AUTHOR = {Paetzold, Gustavo},
   SORTNAME = {Paetzold, Gustavo},
   TITLE = {UTFPR at WMT 2018: Minimalistic Supervised Corpora Filtering for Machine Translation}}
@INPROCEEDINGS{WMT-182,
   AUTHOR = {Barrault, Loïc and Bougares, Fethi and Specia, Lucia and Lala, Chiraag and Elliott, Desmond and Frank, Stella},
   SORTNAME = {Barrault, Loic and Bougares, Fethi and Specia, Lucia and Lala, Chiraag and Elliott, Desmond and Frank, Stella},
   TITLE = {Findings of the Third Shared Task on Multimodal Machine Translation}}
@INPROCEEDINGS{WMT-176,
   AUTHOR = {Biçici, Ergun},
   SORTNAME = {Bicici, Ergun},
   TITLE = {Robust parfda Statistical Machine Translation Results}}
@INPROCEEDINGS{WMT-185,
   AUTHOR = {Neves, Mariana and Jimeno Yepes, Antonio and Névéol, Aurélie and Grozea, Cristian and Siu, Amy and Kittner, Madeleine and Verspoor, Karin},
   SORTNAME = {Neves, Mariana and Jimeno Yepes, Antonio and Neveol, Aurelie and Grozea, Cristian and Siu, Amy and Kittner, Madeleine and Verspoor, Karin},
   TITLE = {Findings of the WMT 2018 Biomedical Translation Shared Task: Evaluation on Medline test sets}}
@INPROCEEDINGS{WMT-025,
   AUTHOR = {Shin, Jaehun and Lee, Jong-Hyeok},
   SORTNAME = {Shin, Jaehun and Lee, Jong-Hyeok},
   TITLE = {Multi-encoder Transformer Network for Automatic Post-Editing}}
