@INPROCEEDINGS{nlp-journ-008,
   AUTHOR = {Jiang, Ye and Song, Xingyi and Harrison, Jackie and Quegan, Shaun and Maynard, Diana},
   SORTNAME = {Jiang, Ye and Song, Xingyi and Harrison, Jackie and Quegan, Shaun and Maynard, Diana},
   TITLE = {Comparing Attitudes to Climate Change in the Media using sentiment analysis based on Latent Dirichlet Allocation}}
@INPROCEEDINGS{nlp-journ-015,
   AUTHOR = {Pavlopoulos, John and Malakasiotis, Prodromos and Bakagianni, Juli and Androutsopoulos, Ion},
   SORTNAME = {Pavlopoulos, John and Malakasiotis, Prodromos and Bakagianni, Juli and Androutsopoulos, Ion},
   TITLE = {Improved Abusive Comment Moderation with User Embeddings}}
@INPROCEEDINGS{nlp-journ-028,
   AUTHOR = {Thorne, James and Chen, Mingjie and Myrianthous, Giorgos and Pu, Jiashu and Wang, Xiaoxuan and Vlachos, Andreas},
   SORTNAME = {Thorne, James and Chen, Mingjie and Myrianthous, Giorgos and Pu, Jiashu and Wang, Xiaoxuan and Vlachos, Andreas},
   TITLE = {Fake news stance detection using stacked ensemble of classifiers}}
@INPROCEEDINGS{nlp-journ-018,
   AUTHOR = {Chesney, Sophie and Liakata, Maria and Poesio, Massimo and Purver, Matthew},
   SORTNAME = {Chesney, Sophie and Liakata, Maria and Poesio, Massimo and Purver, Matthew},
   TITLE = {Incongruent Headlines: Yet Another Way to Mislead Your Readers}}
@INPROCEEDINGS{nlp-journ-026,
   AUTHOR = {Potash, Peter and Romanov, Alexey and Gronas, Mikhail and Rumshisky, Anna and Gronas, Mikhail},
   SORTNAME = {Potash, Peter and Romanov, Alexey and Gronas, Mikhail and Rumshisky, Anna and Gronas, Mikhail},
   TITLE = {Tracking Bias in News Sources Using Social Media: the Russia-Ukraine Maidan Crisis of 2013--2014}}
@INPROCEEDINGS{nlp-journ-024,
   AUTHOR = {Pisarevskaya, Dina},
   SORTNAME = {Pisarevskaya, Dina},
   TITLE = {Deception Detection in News Reports in the Russian Language: Lexics and Discourse}}
@INPROCEEDINGS{nlp-journ-009,
   AUTHOR = {Bois, Rémi and Gravier, Guillaume and Jamet, Eric and Morin, Emmanuel and Sébillot, Pascale and Robert, Maxime},
   SORTNAME = {Bois, Remi and Gravier, Guillaume and Jamet, Eric and Morin, Emmanuel and Sebillot, Pascale and Robert, Maxime},
   TITLE = {Language-based Construction of Explorable News Graphs for Journalists}}
@INPROCEEDINGS{nlp-journ-021,
   AUTHOR = {Ribeiro, Swen and Ferret, Olivier and Tannier, Xavier},
   SORTNAME = {Ribeiro, Swen and Ferret, Olivier and Tannier, Xavier},
   TITLE = {Unsupervised Event Clustering and Aggregation from Newswire and Web Articles}}
@INPROCEEDINGS{nlp-journ-012,
   AUTHOR = {van Meersbergen, Maarten and Vossen, Piek and van der Zwaan, Janneke and Fokkens, Antske and van Hage, Willem and Leemans, Inger and Maks, Isa},
   SORTNAME = {van Meersbergen, Maarten and Vossen, Piek and van der Zwaan, Janneke and Fokkens, Antske and van Hage, Willem and Leemans, Inger and Maks, Isa},
   TITLE = {Storyteller: Visual Analytics of Perspectives on Rich Text Interpretations}}
@INPROCEEDINGS{nlp-journ-022,
   AUTHOR = {Moreno-Schneider, Julian and Srivastava, Ankit and Bourgonje, Peter and Wabnitz, David and Rehm, Georg},
   SORTNAME = {Moreno-Schneider, Julian and Srivastava, Ankit and Bourgonje, Peter and Wabnitz, David and Rehm, Georg},
   TITLE = {Semantic Storytelling, Cross-lingual Event Detection and other Semantic Services for a Newsroom Content Curation Dashboard}}
@INPROCEEDINGS{nlp-journ-016,
   AUTHOR = {Toprak, Mustafa and Özkahraman, Özer and Tekir, Selma},
   SORTNAME = {Toprak, Mustafa and Ozkahraman, Ozer and Tekir, Selma},
   TITLE = {A News Chain Evaluation Methodology along with a Lattice-based Approach for News Chain Construction}}
@INPROCEEDINGS{nlp-journ-017,
   AUTHOR = {Kolhatkar, Varada and Taboada, Maite},
   SORTNAME = {Kolhatkar, Varada and Taboada, Maite},
   TITLE = {Using New York Times Picks to Identify Constructive Comments}}
@INPROCEEDINGS{nlp-journ-007,
   AUTHOR = {Bourgonje, Peter and Moreno Schneider, Julian and Rehm, Georg},
   SORTNAME = {Bourgonje, Peter and Moreno Schneider, Julian and Rehm, Georg},
   TITLE = {From Clickbait to Fake News Detection: An Approach based on Detecting the Stance of Headlines to Articles}}
@INPROCEEDINGS{nlp-journ-020,
   AUTHOR = {di Buono, Maria Pia and Šnajder, Jan and Dalbelo Basic, Bojana and Glavaš, Goran and Tutek, Martin and Milic-Frayling, Natasa},
   SORTNAME = {di Buono, Maria Pia and Snajder, Jan and Dalbelo Basic, Bojana and Glavas, Goran and Tutek, Martin and Milic-Frayling, Natasa},
   TITLE = {Predicting News Values from Headline Text and Emotions}}
@INPROCEEDINGS{nlp-journ-023,
   AUTHOR = {Li, Yingya and Zhang, Jieke and Yu, Bei},
   SORTNAME = {Li, Yingya and Zhang, Jieke and Yu, Bei},
   TITLE = {An NLP Analysis of Exaggerated Claims in Science News}}
@INPROCEEDINGS{nlp-journ-001,
   AUTHOR = {Cucchiarelli, Alessandro and Morbidoni, Christian and Stilo, Giovanni and Velardi, Paola},
   SORTNAME = {Cucchiarelli, Alessandro and Morbidoni, Christian and Stilo, Giovanni and Velardi, Paola},
   TITLE = {What to Write? A topic recommender for journalists}}
@INPROCEEDINGS{nlp-journ-025,
   AUTHOR = {Hardt, Daniel and Rambow, Owen},
   SORTNAME = {Hardt, Daniel and Rambow, Owen},
   TITLE = {Predicting User Views in Online News}}
@INPROCEEDINGS{nlp-journ-010,
   AUTHOR = {Tang, Linyuan and Kageura, Kyo},
   SORTNAME = {Tang, Linyuan and Kageura, Kyo},
   TITLE = {'Fighting' or 'Conflict'? An Approach to Revealing Concepts of Terms in Political Discourse}}
@INPROCEEDINGS{nlp-journ-013,
   AUTHOR = {Tamori, Hideaki and Hitomi, Yuta and Okazaki, Naoaki and Inui, Kentaro},
   SORTNAME = {Tamori, Hideaki and Hitomi, Yuta and Okazaki, Naoaki and Inui, Kentaro},
   TITLE = {Analyzing the Revision Logs of a Japanese Newspaper for Article Quality Assessment}}
