@INPROCEEDINGS{scai18-020,
   AUTHOR = {Weston, Jason and Dinan, Emily and Miller, Alexander},
   SORTNAME = {Weston, Jason and Dinan, Emily and Miller, Alexander},
   TITLE = {Retrieve and Refine: Improved Sequence Generation Models For Dialogue}}
@INPROCEEDINGS{scai18-009,
   AUTHOR = {Petrovski, Bojan and Aguado, Ignacio and Hossmann, Andreea and Baeriswyl, Michael and Musat, Claudiu},
   SORTNAME = {Petrovski, Bojan and Aguado, Ignacio and Hossmann, Andreea and Baeriswyl, Michael and Musat, Claudiu},
   TITLE = {Embedding Individual Table Columns for Resilient SQL Chatbots}}
@INPROCEEDINGS{scai18-011,
   AUTHOR = {Galitsky, Boris and Ilvovsky, Dmitry},
   SORTNAME = {Galitsky, Boris and Ilvovsky, Dmitry},
   TITLE = {Building Dialogue Structure from Discourse Tree of a Question}}
@INPROCEEDINGS{scai18-006,
   AUTHOR = {Kristianto, Giovanni Yoko and Zhang, Huiwen and Tong, Bin and Iwayama, Makoto and Kobayashi, Yoshiyuki},
   SORTNAME = {Kristianto, Giovanni Yoko and Zhang, Huiwen and Tong, Bin and Iwayama, Makoto and Kobayashi, Yoshiyuki},
   TITLE = {Autonomous Sub-domain Modeling for Dialogue Policy with Hierarchical Deep Reinforcement Learning}}
@INPROCEEDINGS{scai18-017,
   AUTHOR = {Jiang, Shaojie and de Rijke, Maarten},
   SORTNAME = {Jiang, Shaojie and de Rijke, Maarten},
   TITLE = {Why are Sequence-to-Sequence Models So Dull? Understanding the Low-Diversity Problem of Chatbots}}
@INPROCEEDINGS{scai18-010,
   AUTHOR = {Louvan, Samuel and Magnini, Bernardo},
   SORTNAME = {Louvan, Samuel and Magnini, Bernardo},
   TITLE = {Exploring Named Entity Recognition As an Auxiliary Task for Slot Filling in Conversational Language Understanding}}
@INPROCEEDINGS{scai18-008,
   AUTHOR = {Agarwal, Shubham and Dušek, Ondřej and Konstas, Ioannis and Rieser, Verena},
   SORTNAME = {Agarwal, Shubham and Dusek, Ondrej and Konstas, Ioannis and Rieser, Verena},
   TITLE = {A Knowledge-Grounded Multimodal Search-Based Conversational Agent}}
@INPROCEEDINGS{scai18-003,
   AUTHOR = {Saito, Atsushi},
   SORTNAME = {Saito, Atsushi},
   TITLE = {Curriculum Learning Based on Reward Sparseness for Deep Reinforcement Learning of Task Completion Dialogue Management}}
@INPROCEEDINGS{scai18-002,
   AUTHOR = {Shalyminov, Igor and Dušek, Ondřej and Lemon, Oliver},
   SORTNAME = {Shalyminov, Igor and Dusek, Ondrej and Lemon, Oliver},
   TITLE = {Neural Response Ranking for Social Conversation: A Data-Efficient Approach}}
@INPROCEEDINGS{scai18-013,
   AUTHOR = {Guerini, Marco and Falcone, Sara and Magnini, Bernardo},
   SORTNAME = {Guerini, Marco and Falcone, Sara and Magnini, Bernardo},
   TITLE = {A Methodology for Evaluating Interaction Strategies of Task-Oriented Conversational Agents}}
@INPROCEEDINGS{scai18-005,
   AUTHOR = {Du, Wenchao and Black, Alan},
   SORTNAME = {Du, Wenchao and Black, Alan},
   TITLE = {Data Augmentation for Neural Online Chats Response Selection}}
@INPROCEEDINGS{scai18-014,
   AUTHOR = {Aissa, Wafa and Soulier, Laure and Denoyer, Ludovic},
   SORTNAME = {Aissa, Wafa and Soulier, Laure and Denoyer, Ludovic},
   TITLE = {A Reinforcement Learning-driven Translation Model for Search-Oriented Conversational Systems}}
@INPROCEEDINGS{scai18-022,
   AUTHOR = {Limsopatham, Nut and Rokhlenko, Oleg and Carmel, David},
   SORTNAME = {Limsopatham, Nut and Rokhlenko, Oleg and Carmel, David},
   TITLE = {Research Challenges in Building a Voice-based Artificial Personal Shopper - Position Paper}}
