@INPROCEEDINGS{UDW18-035,
   AUTHOR = {Noh, Youngbin and Han, Jiyoon and Oh, Tae Hwan and Kim, Hansaem},
   SORTNAME = {Noh, Youngbin and Han, Jiyoon and Oh, Tae Hwan and Kim, Hansaem},
   TITLE = {Enhancing Universal Dependencies for Korean}}
@INPROCEEDINGS{UDW18-034,
   AUTHOR = {Dobrovoljc, Kaja and Martinc, Matej},
   SORTNAME = {Dobrovoljc, Kaja and Martinc, Matej},
   TITLE = {Er ... well, it matters, right? On the role of data representations in spoken language dependency parsing}}
@INPROCEEDINGS{UDW18-033,
   AUTHOR = {Gerdes, Kim and Guillaume, Bruno and Kahane, Sylvain and Perrier, Guy},
   SORTNAME = {Gerdes, Kim and Guillaume, Bruno and Kahane, Sylvain and Perrier, Guy},
   TITLE = {SUD or Surface-Syntactic Universal Dependencies: An annotation scheme near-isomorphic to UD}}
@INPROCEEDINGS{UDW18-020,
   AUTHOR = {Zeldes, Amir and Abrams, Mitchell},
   SORTNAME = {Zeldes, Amir and Abrams, Mitchell},
   TITLE = {The Coptic Universal Dependency Treebank}}
@INPROCEEDINGS{UDW18-018,
   AUTHOR = {Wróblewska, Alina},
   SORTNAME = {Wroblewska, Alina},
   TITLE = {Extended and Enhanced Polish Dependency Bank in Universal Dependencies Format}}
@INPROCEEDINGS{UDW18-009,
   AUTHOR = {Vilares, David and Gómez-Rodríguez, Carlos},
   SORTNAME = {Vilares, David and Gomez-Rodriguez, Carlos},
   TITLE = {Transition-based Parsing with Lighter Feed-Forward Networks}}
@INPROCEEDINGS{UDW18-007,
   AUTHOR = {Yu, Xiang and Vu, Ngoc Thang and Kuhn, Jonas},
   SORTNAME = {Yu, Xiang and Vu, Ngoc Thang and Kuhn, Jonas},
   TITLE = {Approximate Dynamic Oracle for Dependency Parsing with Reinforcement Learning}}
@INPROCEEDINGS{UDW18-029,
   AUTHOR = {Sade, Shoval and Seker, Amit and Tsarfaty, Reut},
   SORTNAME = {Sade, Shoval and Seker, Amit and Tsarfaty, Reut},
   TITLE = {The Hebrew Universal Dependency Treebank: Past Present and Future}}
@INPROCEEDINGS{UDW18-016,
   AUTHOR = {Cecchini, Flavio Massimiliano and Passarotti, Marco and Marongiu, Paola and Zeman, Daniel},
   SORTNAME = {Cecchini, Flavio Massimiliano and Passarotti, Marco and Marongiu, Paola and Zeman, Daniel},
   TITLE = {Challenges in Converting the Index Thomisticus Treebank into Universal Dependencies}}
@INPROCEEDINGS{UDW18-006,
   AUTHOR = {McCarthy, Arya D. and Silfverberg, Miikka and Cotterell, Ryan and Hulden, Mans and Yarowsky, David},
   SORTNAME = {McCarthy, Arya D. and Silfverberg, Miikka and Cotterell, Ryan and Hulden, Mans and Yarowsky, David},
   TITLE = {Marrying Universal Dependencies and Universal Morphology}}
@INPROCEEDINGS{UDW18-028,
   AUTHOR = {Partanen, Niko and Blokland, Rogier and Lim, KyungTae and Poibeau, Thierry and Rießler, Michael},
   SORTNAME = {Partanen, Niko and Blokland, Rogier and Lim, KyungTae and Poibeau, Thierry and Rießler, Michael},
   TITLE = {The First Komi-Zyrian Universal Dependencies Treebanks}}
@INPROCEEDINGS{UDW18-017,
   AUTHOR = {Lacroix, Ophélie},
   SORTNAME = {Lacroix, Ophelie},
   TITLE = {Investigating NP-Chunking with Universal Dependencies for English}}
@INPROCEEDINGS{UDW18-001,
   AUTHOR = {Przepiórkowski, Adam and Patejuk, Agnieszka},
   SORTNAME = {Przepiorkowski, Adam and Patejuk, Agnieszka},
   TITLE = {Arguments and Adjuncts in Universal Dependencies}}
@INPROCEEDINGS{UDW18-010,
   AUTHOR = {Kanayama, Hiroshi and Han, Na-Rae and Asahara, Masayuki and Hwang, Jena D. and Miyao, Yusuke and Choi, Jinho D. and Matsumoto, Yuji},
   SORTNAME = {Kanayama, Hiroshi and Han, Na-Rae and Asahara, Masayuki and Hwang, Jena D. and Miyao, Yusuke and Choi, Jinho D. and Matsumoto, Yuji},
   TITLE = {Coordinate Structures in Universal Dependencies for Head-final Languages}}
@INPROCEEDINGS{UDW18-019,
   AUTHOR = {Droganova, Kira and Ginter, Filip and Kanerva, Jenna and Zeman, Daniel},
   SORTNAME = {Droganova, Kira and Ginter, Filip and Kanerva, Jenna and Zeman, Daniel},
   TITLE = {Mind the Gap: Data Enrichment in Dependency Parsing of Elliptical Constructions}}
@INPROCEEDINGS{UDW18-021,
   AUTHOR = {Vásquez, Alonso and Ego Aguirre, Renzo and Angulo, Candy and Miller, John and Villanueva, Claudia and Agić, Željko and Zariquiey, Roberto and Oncevay, Arturo},
   SORTNAME = {Vasquez, Alonso and Ego Aguirre, Renzo and Angulo, Candy and Miller, John and Villanueva, Claudia and Agic, Zeljko and Zariquiey, Roberto and Oncevay, Arturo},
   TITLE = {Toward Universal Dependencies for Shipibo-Konibo}}
@INPROCEEDINGS{UDW18-036,
   AUTHOR = {Tyers, Francis and Sheyanova, Mariya and Martynova, Aleksandra and Stepachev, Pavel and Vinogorodskiy, Konstantin},
   SORTNAME = {Tyers, Francis and Sheyanova, Mariya and Martynova, Aleksandra and Stepachev, Pavel and Vinogorodskiy, Konstantin},
   TITLE = {Multi-source synthetic treebank creation for improved cross-lingual dependency parsing}}
@INPROCEEDINGS{UDW18-030,
   AUTHOR = {Dyer, William},
   SORTNAME = {Dyer, William},
   TITLE = {Integration complexity and the order of cosisters}}
@INPROCEEDINGS{UDW18-039,
   AUTHOR = {Alzetta, Chiara and Dell'Orletta, Felice and Montemagni, Simonetta and Simi, Maria and Venturi, Giulia},
   SORTNAME = {Alzetta, Chiara and Dell'Orletta, Felice and Montemagni, Simonetta and Simi, Maria and Venturi, Giulia},
   TITLE = {Assessing the Impact of Incremental Error Detection and Correction. A Case Study on the Italian Universal Dependency Treebank}}
@INPROCEEDINGS{UDW18-024,
   AUTHOR = {Peng, Siyao and Zeldes, Amir},
   SORTNAME = {Peng, Siyao and Zeldes, Amir},
   TITLE = {All Roads Lead to UD: Converting Stanford and Penn Parses to English Universal Dependencies with Multilayer Annotations}}
@INPROCEEDINGS{UDW18-004,
   AUTHOR = {Nivre, Joakim and Marongiu, Paola and Ginter, Filip and Kanerva, Jenna and Montemagni, Simonetta and Schuster, Sebastian and Simi, Maria},
   SORTNAME = {Nivre, Joakim and Marongiu, Paola and Ginter, Filip and Kanerva, Jenna and Montemagni, Simonetta and Schuster, Sebastian and Simi, Maria},
   TITLE = {Enhancing Universal Dependency Treebanks: A Case Study}}
@INPROCEEDINGS{UDW18-015,
   AUTHOR = {Berdicevskis, Aleksandrs and Çöltekin, Çağrı and Ehret, Katharina and von Prince, Kilu and Ross, Daniel and Thompson, Bill and Yan, Chunxiao and Demberg, Vera and Lupyan, Gary and Rama, Taraka and Bentz, Christian},
   SORTNAME = {Berdicevskis, Aleksandrs and Coltekin, Cagrı and Ehret, Katharina and von Prince, Kilu and Ross, Daniel and Thompson, Bill and Yan, Chunxiao and Demberg, Vera and Lupyan, Gary and Rama, Taraka and Bentz, Christian},
   TITLE = {Using Universal Dependencies in cross-linguistic complexity research}}
@INPROCEEDINGS{UDW18-002,
   AUTHOR = {Przepiórkowski, Adam and Patejuk, Agnieszka},
   SORTNAME = {Przepiorkowski, Adam and Patejuk, Agnieszka},
   TITLE = {From LFG to Enhanced Universal Dependencies}}
@INPROCEEDINGS{UDW18-005,
   AUTHOR = {Bouma, Gosse and Hajic, Jan and Haug, Dag and Nivre, Joakim and Solberg, Per Erik and Øvrelid, Lilja},
   SORTNAME = {Bouma, Gosse and Hajic, Jan and Haug, Dag and Nivre, Joakim and Solberg, Per Erik and Øvrelid, Lilja},
   TITLE = {Expletives in Universal Dependency Treebanks}}
@INPROCEEDINGS{UDW18-014,
   AUTHOR = {Omura, Mai and Asahara, Masayuki},
   SORTNAME = {Omura, Mai and Asahara, Masayuki},
   TITLE = {UD-Japanese BCCWJ: Universal Dependencies Annotation for the Balanced Corpus of Contemporary Written Japanese}}
@INPROCEEDINGS{UDW18-025,
   AUTHOR = {Iso, Hayate and Ito, Kaoru and Nagai, Hiroyuki and Okahisa, Taro and Aramaki, Eiji},
   SORTNAME = {Iso, Hayate and Ito, Kaoru and Nagai, Hiroyuki and Okahisa, Taro and Aramaki, Eiji},
   TITLE = {Parsing Japanese Tweets into Universal Dependencies}}
