@INPROCEEDINGS{demos-061,
   AUTHOR = {Sorokin, Daniil and Gurevych, Iryna},
   SORTNAME = {Sorokin, Daniil and Gurevych, Iryna},
   TITLE = {Interactive Instance-based Evaluation of Knowledge Base Question Answering}}
@INPROCEEDINGS{demos-059,
   AUTHOR = {Nghiem, Minh-Quoc and Ananiadou, Sophia},
   SORTNAME = {Nghiem, Minh-Quoc and Ananiadou, Sophia},
   TITLE = {APLenty: annotation tool for creating high-quality datasets using active and proactive learning}}
@INPROCEEDINGS{demos-032,
   AUTHOR = {Yimam, Seid Muhie and Biemann, Chris},
   SORTNAME = {Yimam, Seid Muhie and Biemann, Chris},
   TITLE = {Demonstrating Par4Sem - A Semantic Writing Aid with Adaptive Paraphrasing}}
@INPROCEEDINGS{demos-035,
   AUTHOR = {Ajjour, Yamen and Wachsmuth, Henning and Kiesel, Dora and Riehmann, Patrick and Fan, Fan and Castiglia, Giuliano and Adejoh, Rosemary and Fröhlich, Bernd and Stein, Benno},
   SORTNAME = {Ajjour, Yamen and Wachsmuth, Henning and Kiesel, Dora and Riehmann, Patrick and Fan, Fan and Castiglia, Giuliano and Adejoh, Rosemary and Frohlich, Bernd and Stein, Benno},
   TITLE = {Visualization of the Topic Space of Argument Search Results in args.me}}
@INPROCEEDINGS{demos-069,
   AUTHOR = {Labutov, Igor and Srivastava, Shashank and Mitchell, Tom},
   SORTNAME = {Labutov, Igor and Srivastava, Shashank and Mitchell, Tom},
   TITLE = {LIA: A Natural Language Programmable Personal Assistant}}
@INPROCEEDINGS{demos-056,
   AUTHOR = {Zhang, Ni and Zhang, Tongtao and Bhattacharya, Indrani and Ji, Heng and Radke, Rich},
   SORTNAME = {Zhang, Ni and Zhang, Tongtao and Bhattacharya, Indrani and Ji, Heng and Radke, Rich},
   TITLE = {Visualizing Group Dynamics based on Multiparty Meeting Understanding}}
@INPROCEEDINGS{demos-058,
   AUTHOR = {Boratko, Michael and Padigela, Harshit and Mikkilineni, Divyendra and Yuvraj, Pritish and Das, Rajarshi and McCallum, Andrew and Chang, Maria and Fokoue, Achille and Kapanipathi, Pavan and Mattei, Nicholas and Musa, Ryan and Talamadupula, Kartik and Witbrock, Michael},
   SORTNAME = {Boratko, Michael and Padigela, Harshit and Mikkilineni, Divyendra and Yuvraj, Pritish and Das, Rajarshi and McCallum, Andrew and Chang, Maria and Fokoue, Achille and Kapanipathi, Pavan and Mattei, Nicholas and Musa, Ryan and Talamadupula, Kartik and Witbrock, Michael},
   TITLE = {An Interface for Annotating Science Questions}}
@INPROCEEDINGS{demos-067,
   AUTHOR = {Han, Xu and Cao, Shulin and Lv, Xin and Lin, Yankai and Liu, Zhiyuan and Sun, Maosong and Li, Juanzi},
   SORTNAME = {Han, Xu and Cao, Shulin and Lv, Xin and Lin, Yankai and Liu, Zhiyuan and Sun, Maosong and Li, Juanzi},
   TITLE = {OpenKE: An Open Toolkit for Knowledge Embedding}}
@INPROCEEDINGS{demos-033,
   AUTHOR = {Tolmachev, Arseny and Kawahara, Daisuke and Kurohashi, Sadao},
   SORTNAME = {Tolmachev, Arseny and Kawahara, Daisuke and Kurohashi, Sadao},
   TITLE = {Juman++: A Morphological Analysis Toolkit for Scriptio Continua}}
@INPROCEEDINGS{demos-018,
   AUTHOR = {Özenç, Berke and Ehsani, Razieh and Solak, Ercan},
   SORTNAME = {Ozenc, Berke and Ehsani, Razieh and Solak, Ercan},
   TITLE = {MorAz: an Open-source Morphological Analyzer for Azerbaijani Turkish}}
@INPROCEEDINGS{demos-007,
   AUTHOR = {Tanveer, Md Iftekhar and Ture, Ferhan},
   SORTNAME = {Tanveer, Md Iftekhar and Ture, Ferhan},
   TITLE = {SyntaViz: Visualizing Voice Queries through a Syntax-Driven Hierarchical Ontology}}
@INPROCEEDINGS{demos-029,
   AUTHOR = {Adel, Heike and Bostan, Laura Ana Maria and Papay, Sean and Padó, Sebastian and Klinger, Roman},
   SORTNAME = {Adel, Heike and Bostan, Laura Ana Maria and Papay, Sean and Pado, Sebastian and Klinger, Roman},
   TITLE = {DERE: A Task and Domain-Independent Slot Filling Framework for Declarative Relation Extraction}}
@INPROCEEDINGS{demos-010,
   AUTHOR = {Dou, Longxu and Qin, Guanghui and Wang, Jinpeng and Yao, Jin-Ge and Lin, Chin-Yew},
   SORTNAME = {Dou, Longxu and Qin, Guanghui and Wang, Jinpeng and Yao, Jin-Ge and Lin, Chin-Yew},
   TITLE = {Data2Text Studio: Automated Text Generation from Structured Data}}
@INPROCEEDINGS{demos-008,
   AUTHOR = {Yin, Pengcheng and Neubig, Graham},
   SORTNAME = {Yin, Pengcheng and Neubig, Graham},
   TITLE = {TRANX: A Transition-based Neural Abstract Syntax Parser for Semantic Parsing and Code Generation}}
@INPROCEEDINGS{demos-021,
   AUTHOR = {Loginova, Ekaterina and Neumann, Günter},
   SORTNAME = {Loginova, Ekaterina and Neumann, Gunter},
   TITLE = {An Interactive Web-Interface for Visualizing the Inner Workings of the Question Answering LSTM}}
@INPROCEEDINGS{demos-075,
   AUTHOR = {Vadapalli, Raghuram and Syed, Bakhtiyar and Prabhu, Nishant and Srinivasan, Balaji Vasan and Varma, Vasudeva},
   SORTNAME = {Vadapalli, Raghuram and Syed, Bakhtiyar and Prabhu, Nishant and Srinivasan, Balaji Vasan and Varma, Vasudeva},
   TITLE = {When science journalism meets artificial intelligence : An interactive demonstration}}
@INPROCEEDINGS{demos-044,
   AUTHOR = {Wiedemann, Gregor and Yimam, Seid Muhie and Biemann, Chris},
   SORTNAME = {Wiedemann, Gregor and Yimam, Seid Muhie and Biemann, Chris},
   TITLE = {A Multilingual Information Extraction Pipeline for Investigative Journalism}}
@INPROCEEDINGS{demos-038,
   AUTHOR = {Kudo, Taku and Richardson, John},
   SORTNAME = {Kudo, Taku and Richardson, John},
   TITLE = {SentencePiece: A simple and language independent subword tokenizer and detokenizer for Neural Text Processing.}}
@INPROCEEDINGS{demos-065,
   AUTHOR = {Wang, Xiaolin and Utiyama, Masao and Sumita, Eiichiro},
   SORTNAME = {Wang, Xiaolin and Utiyama, Masao and Sumita, Eiichiro},
   TITLE = {CytonMT: an Efficient Neural Machine Translation Open-source Toolkit Implemented in C++}}
@INPROCEEDINGS{demos-062,
   AUTHOR = {Patel, Ajay and Sands, Alexander and Callison-Burch, Chris and Apidianaki, Marianna},
   SORTNAME = {Patel, Ajay and Sands, Alexander and Callison-Burch, Chris and Apidianaki, Marianna},
   TITLE = {Magnitude: A Fast, Efficient Universal Vector Embedding Utility Package}}
@INPROCEEDINGS{demos-053,
   AUTHOR = {Lakomkin, Egor and Magg, Sven and Weber, Cornelius and Wermter, Stefan},
   SORTNAME = {Lakomkin, Egor and Magg, Sven and Weber, Cornelius and Wermter, Stefan},
   TITLE = {KT-Speech-Crawler: Automatic Dataset Construction for Speech Recognition from YouTube Videos}}
@INPROCEEDINGS{demos-039,
   AUTHOR = {Ning, Qiang and Zhou, Ben and Feng, Zhili and Peng, Haoruo and Roth, Dan},
   SORTNAME = {Ning, Qiang and Zhou, Ben and Feng, Zhili and Peng, Haoruo and Roth, Dan},
   TITLE = {CogCompTime: A Tool for Understanding Time in Natural Language}}
@INPROCEEDINGS{demos-063,
   AUTHOR = {Boullosa, Beto and Eckart de Castilho, Richard and Kumar, Naveen and Klie, Jan-Christoph and Gurevych, Iryna},
   SORTNAME = {Boullosa, Beto and Eckart de Castilho, Richard and Kumar, Naveen and Klie, Jan-Christoph and Gurevych, Iryna},
   TITLE = {Integrating Knowledge-Supported Search into the INCEpTION Annotation Platform}}
@INPROCEEDINGS{demos-077,
   AUTHOR = {Cer, Daniel and Yang, Yinfei and Kong, Sheng-yi and Hua, Nan and Limtiaco, Nicole and St. John, Rhomni and Constant, Noah and Guajardo-Cespedes, Mario and Yuan, Steve and Tar, Chris and Strope, Brian and Kurzweil, Ray},
   SORTNAME = {Cer, Daniel and Yang, Yinfei and Kong, Sheng-yi and Hua, Nan and Limtiaco, Nicole and St. John, Rhomni and Constant, Noah and Guajardo-Cespedes, Mario and Yuan, Steve and Tar, Chris and Strope, Brian and Kurzweil, Ray},
   TITLE = {Universal Sentence Encoder for English}}
@INPROCEEDINGS{demos-070,
   AUTHOR = {Raux, Antoine and Ma, Yi and Yang, Paul and Wong, Felicia},
   SORTNAME = {Raux, Antoine and Ma, Yi and Yang, Paul and Wong, Felicia},
   TITLE = {PizzaPal: Conversational Pizza Ordering using a High-Density Conversational AI Platform}}
@INPROCEEDINGS{demos-015,
   AUTHOR = {Mamou, Jonathan and Pereg, Oren and Wasserblat, Moshe and Eirew, Alon and Green, Yael and Guskin, Shira and Izsak, Peter and Korat, Daniel},
   SORTNAME = {Mamou, Jonathan and Pereg, Oren and Wasserblat, Moshe and Eirew, Alon and Green, Yael and Guskin, Shira and Izsak, Peter and Korat, Daniel},
   TITLE = {Term Set Expansion based NLP Architect by Intel AI Lab}}
@INPROCEEDINGS{demos-071,
   AUTHOR = {Raghuvanshi, Arushi and Carroll, Lucien and Raghunathan, Karthik},
   SORTNAME = {Raghuvanshi, Arushi and Carroll, Lucien and Raghunathan, Karthik},
   TITLE = {Developing Production-Level Conversational Interfaces with Shallow Semantic Parsing}}
@INPROCEEDINGS{demos-049,
   AUTHOR = {Peter, Jan-Thorsten and Beck, Eugen and Ney, Hermann},
   SORTNAME = {Peter, Jan-Thorsten and Beck, Eugen and Ney, Hermann},
   TITLE = {Sisyphus, a Workflow Manager Designed for Machine Translation and Automatic Speech Recognition}}
@INPROCEEDINGS{demos-025,
   AUTHOR = {Liu, Shusen and Li, Tao and Liu, Zhimin and Srikumar, Vivek and Pascucci, Valerio and Bremer, Peer-Timo},
   SORTNAME = {Liu, Shusen and Li, Tao and Liu, Zhimin and Srikumar, Vivek and Pascucci, Valerio and Bremer, Peer-Timo},
   TITLE = {Visual Interrogation of Attention-Based Models for Natural Language Inference and Machine Comprehension}}
