@INPROCEEDINGS{FEVER-032,
   AUTHOR = {Luken, Jackson and Jiang, Nanjiang and de Marneffe, Marie-Catherine},
   SORTNAME = {Luken, Jackson and Jiang, Nanjiang and de Marneffe, Marie-Catherine},
   TITLE = {QED: A fact verification system for the FEVER shared task}}
@INPROCEEDINGS{FEVER-035,
   AUTHOR = {Torabi Asr, Fatemeh and Taboada, Maite},
   SORTNAME = {Torabi Asr, Fatemeh and Taboada, Maite},
   TITLE = {The Data Challenge in Misinformation Detection: Source Reputation vs. Content Veracity}}
@INPROCEEDINGS{FEVER-033,
   AUTHOR = {Padia, Ankur and Ferraro, Francis and Finin, Tim},
   SORTNAME = {Padia, Ankur and Ferraro, Francis and Finin, Tim},
   TITLE = {Team UMBC-FEVER : Claim verification using Semantic Lexical Resources}}
@INPROCEEDINGS{FEVER-020,
   AUTHOR = {Otto, Wolfgang},
   SORTNAME = {Otto, Wolfgang},
   TITLE = {Team GESIS Cologne: An all in all sentence-based approach for FEVER}}
@INPROCEEDINGS{FEVER-018,
   AUTHOR = {Hanselowski, Andreas and Zhang, Hao and Li, Zile and Sorokin, Daniil and Schiller, Benjamin and Schulz, Claudia and Gurevych, Iryna},
   SORTNAME = {Hanselowski, Andreas and Zhang, Hao and Li, Zile and Sorokin, Daniil and Schiller, Benjamin and Schulz, Claudia and Gurevych, Iryna},
   TITLE = {Multi-Sentence Textual Entailment for Claim Verification}}
@INPROCEEDINGS{FEVER-027,
   AUTHOR = {Kim, Juho and Malon, Christopher and Kadav, Asim},
   SORTNAME = {Kim, Juho and Malon, Christopher and Kadav, Asim},
   TITLE = {Teaching Syntax by Adversarial Distraction}}
@INPROCEEDINGS{FEVER-009,
   AUTHOR = {Chakrabarty, Tuhin and Alhindi, Tariq and Muresan, Smaranda},
   SORTNAME = {Chakrabarty, Tuhin and Alhindi, Tariq and Muresan, Smaranda},
   TITLE = {Robust Document Retrieval and Individual Evidence Modeling for Fact Extraction and Verification.}}
@INPROCEEDINGS{FEVER-011,
   AUTHOR = {Taniguchi, Motoki and Miura, Yasuhide and Ohkuma, Tomoko},
   SORTNAME = {Taniguchi, Motoki and Miura, Yasuhide and Ohkuma, Tomoko},
   TITLE = {Joint Modeling for Query Expansion and Information Extraction with Reinforcement Learning}}
@INPROCEEDINGS{FEVER-007,
   AUTHOR = {Dumitrache, Anca and Aroyo, Lora and Welty, Chris},
   SORTNAME = {Dumitrache, Anca and Aroyo, Lora and Welty, Chris},
   TITLE = {Crowdsourcing Semantic Label Propagation in Relation Classification}}
@INPROCEEDINGS{FEVER-006,
   AUTHOR = {Kevin, Vincentius and Högden, Birte and Schwenger, Claudia and Sahan, Ali and Madan, Neelu and Aggarwal, Piush and Bangaru, Anusha and Muradov, Farid and Aker, Ahmet},
   SORTNAME = {Kevin, Vincentius and Hogden, Birte and Schwenger, Claudia and Sahan, Ali and Madan, Neelu and Aggarwal, Piush and Bangaru, Anusha and Muradov, Farid and Aker, Ahmet},
   TITLE = {Information Nutrition Labels: A Plugin for Online News Evaluation}}
@INPROCEEDINGS{FEVER-028,
   AUTHOR = {Obamuyide, Abiola and Vlachos, Andreas},
   SORTNAME = {Obamuyide, Abiola and Vlachos, Andreas},
   TITLE = {Zero-shot Relation Classification as Textual Entailment}}
@INPROCEEDINGS{FEVER-017,
   AUTHOR = {Ghanem, Bilal and Rosso, Paolo and Rangel, Francisco},
   SORTNAME = {Ghanem, Bilal and Rosso, Paolo and Rangel, Francisco},
   TITLE = {Stance Detection in Fake News A Combined Feature Representation}}
@INPROCEEDINGS{FEVER-010,
   AUTHOR = {Taniguchi, Motoki and Taniguchi, Tomoki and Takahashi, Takumi and Miura, Yasuhide and Ohkuma, Tomoko},
   SORTNAME = {Taniguchi, Motoki and Taniguchi, Tomoki and Takahashi, Takumi and Miura, Yasuhide and Ohkuma, Tomoko},
   TITLE = {Integrating Entity Linking and Evidence Ranking for Fact Extraction and Verification}}
@INPROCEEDINGS{FEVER-026,
   AUTHOR = {Malon, Christopher},
   SORTNAME = {Malon, Christopher},
   TITLE = {Team Papelo: Transformer Networks at FEVER}}
@INPROCEEDINGS{FEVER-008,
   AUTHOR = {Nooralahzadeh, Farhad and Øvrelid, Lilja},
   SORTNAME = {Nooralahzadeh, Farhad and Øvrelid, Lilja},
   TITLE = {SIRIUS-LTG: An Entity Linking Approach to Fact Extraction and Verification}}
@INPROCEEDINGS{FEVER-038,
   AUTHOR = {Esteves, Diego and Reddy, Aniketh Janardhan and Chawla, Piyush and Lehmann, Jens},
   SORTNAME = {Esteves, Diego and Reddy, Aniketh Janardhan and Chawla, Piyush and Lehmann, Jens},
   TITLE = {Belittling the Source: Trustworthiness Indicators to Obfuscate Fake News on the Web}}
@INPROCEEDINGS{FEVER-036,
   AUTHOR = {Paul, Mithun and Sharp, Rebecca and Surdeanu, Mihai},
   SORTNAME = {Paul, Mithun and Sharp, Rebecca and Surdeanu, Mihai},
   TITLE = {A mostly unlexicalized model for recognizing textual entailment}}
@INPROCEEDINGS{FEVER-031,
   AUTHOR = {Yoneda, Takuma and Mitchell, Jeff and Welbl, Johannes and Stenetorp, Pontus and Riedel, Sebastian},
   SORTNAME = {Yoneda, Takuma and Mitchell, Jeff and Welbl, Johannes and Stenetorp, Pontus and Riedel, Sebastian},
   TITLE = {UCL Machine Reading Group: Four Factor Framework For Fact Finding (HexaF)}}
@INPROCEEDINGS{FEVER-037,
   AUTHOR = {Konstantinovskiy, Lev and Price, Oliver and Babakar, Mevan and Zubiaga, Arkaitz},
   SORTNAME = {Konstantinovskiy, Lev and Price, Oliver and Babakar, Mevan and Zubiaga, Arkaitz},
   TITLE = {(NON-ARCHIVAL) Towards Automated Factchecking: Developing an Annotation Schema and Benchmark for Consistent Automated Claim Detection}}
@INPROCEEDINGS{FEVER-039,
   AUTHOR = {Nie, Yixin and Chen, Haonan and Bansal, Mohit},
   SORTNAME = {Nie, Yixin and Chen, Haonan and Bansal, Mohit},
   TITLE = {(NON-ARCHIVAL) Combining Fact Extraction and Claim Verification in an NLI Model}}
@INPROCEEDINGS{FEVER-024,
   AUTHOR = {Loureiro, Daniel and Jorge, Alípio},
   SORTNAME = {Loureiro, Daniel and Jorge, Alipio},
   TITLE = {Affordance Extraction and Inference based on Semantic Role Labeling}}
@INPROCEEDINGS{FEVER-023,
   AUTHOR = {Hidey, Christopher and Diab, Mona},
   SORTNAME = {Hidey, Christopher and Diab, Mona},
   TITLE = {Joint Sentence Extraction and Fact Checking with Pointer Networks}}
@INPROCEEDINGS{FEVER-015,
   AUTHOR = {Naderi, Nona and Hirst, Graeme},
   SORTNAME = {Naderi, Nona and Hirst, Graeme},
   TITLE = {Automated Fact-Checking of Claims in Argumentative Parliamentary Debates}}
@INPROCEEDINGS{FEVER-003,
   AUTHOR = {Gupta, Vishal and Chinnakotla, Manoj and Shrivastava, Manish},
   SORTNAME = {Gupta, Vishal and Chinnakotla, Manoj and Shrivastava, Manish},
   TITLE = {Retrieve and Re-rank: A Simple and Effective IR Approach to Simple Question Answering over Knowledge Graphs}}
@INPROCEEDINGS{FEVER-012,
   AUTHOR = {Conforti, Costanza and Pilehvar, Mohammad Taher and Collier, Nigel},
   SORTNAME = {Conforti, Costanza and Pilehvar, Mohammad Taher and Collier, Nigel},
   TITLE = {Towards Automatic Fake News Detection: Cross-Level Stance Detection in News Articles}}
@INPROCEEDINGS{FEVER-040,
   AUTHOR = {Thorne, James and Vlachos, Andreas and Cocarascu, Oana and Christodoulopoulos, Christos and Mittal, Arpit},
   SORTNAME = {Thorne, James and Vlachos, Andreas and Cocarascu, Oana and Christodoulopoulos, Christos and Mittal, Arpit},
   TITLE = {The Fact Extraction and VERification (FEVER) Shared Task}}
@INPROCEEDINGS{FEVER-013,
   AUTHOR = {Reddy, Aniketh Janardhan and Rocha, Gil and Esteves, Diego},
   SORTNAME = {Reddy, Aniketh Janardhan and Rocha, Gil and Esteves, Diego},
   TITLE = {DeFactoNLP: Fact Verification using Entity Recognition, TFIDF Vector Comparison and Decomposable Attention}}
@INPROCEEDINGS{FEVER-005,
   AUTHOR = {Kowollik, Jan and Aker, Ahmet},
   SORTNAME = {Kowollik, Jan and Aker, Ahmet},
   TITLE = {Uni-DUE Student Team: Tackling fact checking through decomposable attention neural network}}
@INPROCEEDINGS{FEVER-014,
   AUTHOR = {li, sizhen and Zhao, Shuai and Cheng, Bo and Yang, Hao},
   SORTNAME = {li, sizhen and Zhao, Shuai and Cheng, Bo and Yang, Hao},
   TITLE = {An End-to-End Multi-task Learning Model for Fact Checking}}
@INPROCEEDINGS{FEVER-022,
   AUTHOR = {Alhindi, Tariq and Petridis, Savvas and Muresan, Smaranda},
   SORTNAME = {Alhindi, Tariq and Petridis, Savvas and Muresan, Smaranda},
   TITLE = {Where is Your Evidence: Improving Fact-checking by Justification Modeling}}
