@INPROCEEDINGS{conll-095,
   AUTHOR = {Barrett, Maria and Bingel, Joachim and Hollenstein, Nora and Rei, Marek and Søgaard, Anders},
   SORTNAME = {Barrett, Maria and Bingel, Joachim and Hollenstein, Nora and Rei, Marek and Søgaard, Anders},
   TITLE = {Sequence Classification with Human Attention}}
@INPROCEEDINGS{conll-059,
   AUTHOR = {Zhang, Boliang and Whitehead, Spencer and Huang, Lifu and Ji, Heng},
   SORTNAME = {Zhang, Boliang and Whitehead, Spencer and Huang, Lifu and Ji, Heng},
   TITLE = {Global Attention for Name Tagging}}
@INPROCEEDINGS{conll-166,
   AUTHOR = {Kann, Katharina and Rothe, Sascha and Filippova, Katja},
   SORTNAME = {Kann, Katharina and Rothe, Sascha and Filippova, Katja},
   TITLE = {Sentence-Level Fluency Evaluation: References Help, But Can Be Spared!}}
@INPROCEEDINGS{conll-161,
   AUTHOR = {Kádár, Ákos and Elliott, Desmond and Côté, Marc-Alexandre and Chrupała, Grzegorz and Alishahi, Afra},
   SORTNAME = {Kadar, Akos and Elliott, Desmond and Cote, Marc-Alexandre and Chrupała, Grzegorz and Alishahi, Afra},
   TITLE = {Lessons Learned in Multilingual Grounded Language Learning}}
@INPROCEEDINGS{conll-069,
   AUTHOR = {Artetxe, Mikel and Labaka, Gorka and Lopez-Gazpio, Inigo and Agirre, Eneko},
   SORTNAME = {Artetxe, Mikel and Labaka, Gorka and Lopez-Gazpio, Inigo and Agirre, Eneko},
   TITLE = {Uncovering Divergent Linguistic Information in Word Embeddings with Lessons for Intrinsic and Extrinsic Evaluation}}
@INPROCEEDINGS{conll-056,
   AUTHOR = {Minervini, Pasquale and Riedel, Sebastian},
   SORTNAME = {Minervini, Pasquale and Riedel, Sebastian},
   TITLE = {Adversarially Regularising Neural {NLI} Models to Integrate Logical Background Knowledge}}
@INPROCEEDINGS{conll-058,
   AUTHOR = {Tulkens, Stephan and Sandra, Dominiek and Daelemans, Walter},
   SORTNAME = {Tulkens, Stephan and Sandra, Dominiek and Daelemans, Walter},
   TITLE = {From Strings to Other Things: Linking the Neighborhood and Transposition Effects in Word Reading}}
@INPROCEEDINGS{conll-060,
   AUTHOR = {Yi, Xiaoyuan and Li, Ruoyu and Sun, Maosong},
   SORTNAME = {Yi, Xiaoyuan and Li, Ruoyu and Sun, Maosong},
   TITLE = {Chinese Poetry Generation with a Salient-Clue Mechanism}}
@INPROCEEDINGS{conll-194,
   AUTHOR = {Cohen, Trevor and Widdows, Dominic},
   SORTNAME = {Cohen, Trevor and Widdows, Dominic},
   TITLE = {Bringing Order to Neural Word Embeddings with Embeddings Augmented by Random Permutations ({EARP})}}
@INPROCEEDINGS{conll-158,
   AUTHOR = {Merlo, Paola and Ackermann, Francesco},
   SORTNAME = {Merlo, Paola and Ackermann, Francesco},
   TITLE = {Vectorial Semantic Spaces Do Not Encode Human Judgments of Intervention Similarity}}
@INPROCEEDINGS{conll-193,
   AUTHOR = {El Baff, Roxanne and Wachsmuth, Henning and Al Khatib, Khalid and Stein, Benno},
   SORTNAME = {El Baff, Roxanne and Wachsmuth, Henning and Al Khatib, Khalid and Stein, Benno},
   TITLE = {Challenge or Empower: Revisiting Argumentation Quality in a News Editorial Corpus}}
@INPROCEEDINGS{conll-216,
   AUTHOR = {Demeester, Thomas and Deleu, Johannes and Godin, Fréderic and Develder, Chris},
   SORTNAME = {Demeester, Thomas and Deleu, Johannes and Godin, Frederic and Develder, Chris},
   TITLE = {Predefined Sparseness in Recurrent Sequence Models}}
@INPROCEEDINGS{conll-227,
   AUTHOR = {Niu, Tong and Bansal, Mohit},
   SORTNAME = {Niu, Tong and Bansal, Mohit},
   TITLE = {Adversarial Over-Sensitivity and Over-Stability Strategies for Dialogue Models}}
@INPROCEEDINGS{conll-274,
   AUTHOR = {Chen, Yufei and Huang, Sheng and Wang, Fang and Cao, Junjie and Sun, Weiwei and Wan, Xiaojun},
   SORTNAME = {Chen, Yufei and Huang, Sheng and Wang, Fang and Cao, Junjie and Sun, Weiwei and Wan, Xiaojun},
   TITLE = {Neural Maximum Subgraph Parsing for Cross-Domain Semantic Dependency Analysis}}
@INPROCEEDINGS{conll-242,
   AUTHOR = {Kolitsas, Nikolaos and Ganea, Octavian-Eugen and Hofmann, Thomas},
   SORTNAME = {Kolitsas, Nikolaos and Ganea, Octavian-Eugen and Hofmann, Thomas},
   TITLE = {End-to-End Neural Entity Linking}}
@INPROCEEDINGS{conll-243,
   AUTHOR = {Ager, Thomas and Kuželka, Ondřej and Schockaert, Steven},
   SORTNAME = {Ager, Thomas and Kuzelka, Ondrej and Schockaert, Steven},
   TITLE = {Modelling Salient Features as Directions in Fine-Tuned Semantic Spaces}}
@INPROCEEDINGS{conll-292,
   AUTHOR = {Beard, Rory and Das, Ritwik and Ng, Raymond W. M. and Gopalakrishnan, P. G. Keerthana and Eerens, Luka and Swietojanski, Pawel and Miksik, Ondrej},
   SORTNAME = {Beard, Rory and Das, Ritwik and Ng, Raymond W. M. and Gopalakrishnan, P. G. Keerthana and Eerens, Luka and Swietojanski, Pawel and Miksik, Ondrej},
   TITLE = {Multi-Modal Sequence Fusion via Recursive Attention for Emotion Recognition}}
@INPROCEEDINGS{conll-261,
   AUTHOR = {Yoshikawa, Hiyori and Iwakura, Tomoya},
   SORTNAME = {Yoshikawa, Hiyori and Iwakura, Tomoya},
   TITLE = {Model Transfer with Explicit Knowledge of the Relation between Class Definitions}}
@INPROCEEDINGS{conll-235,
   AUTHOR = {Chaudhuri, Debanjan and Kristiadi, Agustinus and Lehmann, Jens and Fischer, Asja},
   SORTNAME = {Chaudhuri, Debanjan and Kristiadi, Agustinus and Lehmann, Jens and Fischer, Asja},
   TITLE = {Improving Response Selection in Multi-Turn Dialogue Systems by Incorporating Domain Knowledge}}
@INPROCEEDINGS{conll-294,
   AUTHOR = {He, Xuanli and Haffari, Gholamreza and Norouzi, Mohammad},
   SORTNAME = {He, Xuanli and Haffari, Gholamreza and Norouzi, Mohammad},
   TITLE = {Sequence to Sequence Mixture Model for Diverse Machine Translation}}
@INPROCEEDINGS{conll-267,
   AUTHOR = {Zemlyanskiy, Yury and Sha, Fei},
   SORTNAME = {Zemlyanskiy, Yury and Sha, Fei},
   TITLE = {Aiming to Know You Better Perhaps Makes Me a More Engaging Dialogue Partner}}
@INPROCEEDINGS{conll-293,
   AUTHOR = {Xu, Hengru and Li, Shen and Hu, Renfen and Li, Si and Gao, Sheng},
   SORTNAME = {Xu, Hengru and Li, Shen and Hu, Renfen and Li, Si and Gao, Sheng},
   TITLE = {From Random to Supervised: A Novel Dropout Mechanism Integrated with Global Information}}
@INPROCEEDINGS{conll-256,
   AUTHOR = {Liu, Ming and Buntine, Wray and Haffari, Gholamreza},
   SORTNAME = {Liu, Ming and Buntine, Wray and Haffari, Gholamreza},
   TITLE = {Learning to Actively Learn Neural Machine Translation}}
@INPROCEEDINGS{conll-020,
   AUTHOR = {Ebrahimi, Mohammad and ShafieiBavani, Elaheh and Wong, Raymond and Chen, Fang},
   SORTNAME = {Ebrahimi, Mohammad and ShafieiBavani, Elaheh and Wong, Raymond and Chen, Fang},
   TITLE = {A Unified Neural Network Model for Geolocating {Twitter} Users}}
@INPROCEEDINGS{conll-018,
   AUTHOR = {Nguyen, Tu and Tran, Tuan and Nejdl, Wolfgang},
   SORTNAME = {Nguyen, Tu and Tran, Tuan and Nejdl, Wolfgang},
   TITLE = {A Trio Neural Model for Dynamic Entity Relatedness Ranking}}
@INPROCEEDINGS{conll-011,
   AUTHOR = {Tran, Van-Khanh and Nguyen, Le-Minh},
   SORTNAME = {Tran, Van-Khanh and Nguyen, Le-Minh},
   TITLE = {Dual Latent Variable Model for Low-Resource Natural Language Generation in Dialogue Systems}}
@INPROCEEDINGS{conll-129,
   AUTHOR = {Zhang, Zhirui and Liu, Shujie and Li, Mu and Zhou, Ming and Chen, Enhong},
   SORTNAME = {Zhang, Zhirui and Liu, Shujie and Li, Mu and Zhou, Ming and Chen, Enhong},
   TITLE = {Bidirectional Generative Adversarial Networks for Neural Machine Translation}}
@INPROCEEDINGS{conll-116,
   AUTHOR = {Abbet, Christian and M'hamdi, Meryem and Giannakopoulos, Athanasios and West, Robert and Hossmann, Andreea and Baeriswyl, Michael and Musat, Claudiu},
   SORTNAME = {Abbet, Christian and M'hamdi, Meryem and Giannakopoulos, Athanasios and West, Robert and Hossmann, Andreea and Baeriswyl, Michael and Musat, Claudiu},
   TITLE = {Churn Intent Detection in Multilingual Chatbot Conversations and Social Media}}
@INPROCEEDINGS{conll-111,
   AUTHOR = {Fu, Tianfan and Zhang, Cheng and Mandt, Stephan},
   SORTNAME = {Fu, Tianfan and Zhang, Cheng and Mandt, Stephan},
   TITLE = {Continuous Word Embedding Fusion via Spectral Decomposition}}
@INPROCEEDINGS{conll-073,
   AUTHOR = {Blohm, Matthias and Jagfeld, Glorianna and Sood, Ekta and Yu, Xiang and Vu, Ngoc Thang},
   SORTNAME = {Blohm, Matthias and Jagfeld, Glorianna and Sood, Ekta and Yu, Xiang and Vu, Ngoc Thang},
   TITLE = {Comparing Attention-Based Convolutional and Recurrent Neural Networks: Success and Limitations in Machine Reading Comprehension}}
@INPROCEEDINGS{conll-080,
   AUTHOR = {Jung, Sangkeun and Lee, Jinsik and Kim, Jiwon},
   SORTNAME = {Jung, Sangkeun and Lee, Jinsik and Kim, Jiwon},
   TITLE = {Learning to Embed Semantic Correspondence for Natural Language Understanding}}
@INPROCEEDINGS{conll-143,
   AUTHOR = {Kementchedjhieva, Yova and Ruder, Sebastian and Cotterell, Ryan and Søgaard, Anders},
   SORTNAME = {Kementchedjhieva, Yova and Ruder, Sebastian and Cotterell, Ryan and Søgaard, Anders},
   TITLE = {Generalizing {Procrustes} Analysis for Better Bilingual Dictionary Induction}}
@INPROCEEDINGS{conll-172,
   AUTHOR = {Elekes, Ábel and Englhardt, Adrian and Schäler, Martin and Böhm, Klemens},
   SORTNAME = {Elekes, Abel and Englhardt, Adrian and Schaler, Martin and Bohm, Klemens},
   TITLE = {Resources to Examine the Quality of Word Embedding Models Trained on n-Gram Data}}
@INPROCEEDINGS{conll-175,
   AUTHOR = {Aghaebrahimian, Ahmad},
   SORTNAME = {Aghaebrahimian, Ahmad},
   TITLE = {Linguistically-Based Deep Unstructured Question Answering}}
@INPROCEEDINGS{conll-075,
   AUTHOR = {Gupta, Deepak and Lenka, Pabitra and Ekbal, Asif and Bhattacharyya, Pushpak},
   SORTNAME = {Gupta, Deepak and Lenka, Pabitra and Ekbal, Asif and Bhattacharyya, Pushpak},
   TITLE = {Uncovering Code-Mixed Challenges: A Framework for Linguistically Driven Question Generation and Neural Based Question Answering}}
@INPROCEEDINGS{conll-121,
   AUTHOR = {Barrena, Ander and Soroa, Aitor and Agirre, Eneko},
   SORTNAME = {Barrena, Ander and Soroa, Aitor and Agirre, Eneko},
   TITLE = {Learning Text Representations for {500K} Classification Tasks on Named Entity Disambiguation}}
@INPROCEEDINGS{conll-072,
   AUTHOR = {Martschat, Sebastian and Markert, Katja},
   SORTNAME = {Martschat, Sebastian and Markert, Katja},
   TITLE = {A Temporally Sensitive Submodularity Framework for Timeline Summarization}}
@INPROCEEDINGS{conll-036,
   AUTHOR = {Kuznetsov, Ilia and Gurevych, Iryna},
   SORTNAME = {Kuznetsov, Ilia and Gurevych, Iryna},
   TITLE = {Corpus-Driven Thematic Hierarchy Induction}}
@INPROCEEDINGS{conll-031,
   AUTHOR = {Cheng, Jianpeng and Lapata, Mirella},
   SORTNAME = {Cheng, Jianpeng and Lapata, Mirella},
   TITLE = {Weakly-Supervised Neural Semantic Parsing with a Generative Ranker}}
@INPROCEEDINGS{conll-191,
   AUTHOR = {Li, Min and Danilevsky, Marina and Noeman, Sara and Li, Yunyao},
   SORTNAME = {Li, Min and Danilevsky, Marina and Noeman, Sara and Li, Yunyao},
   TITLE = {{DIMSIM}: An Accurate Chinese Phonetic Similarity Algorithm Based on Learned High Dimensional Encoding}}
@INPROCEEDINGS{conll-091,
   AUTHOR = {Tkachenko, Alexander and Sirts, Kairit},
   SORTNAME = {Tkachenko, Alexander and Sirts, Kairit},
   TITLE = {Modeling Composite Labels for Neural Morphological Tagging}}
@INPROCEEDINGS{conll-100,
   AUTHOR = {Peris, Álvaro and Casacuberta, Francisco},
   SORTNAME = {Peris, Alvaro and Casacuberta, Francisco},
   TITLE = {Active Learning for Interactive Neural Machine Translation of Data Streams}}
@INPROCEEDINGS{conll-137,
   AUTHOR = {Shoshan, Eylon and Radinsky, Kira},
   SORTNAME = {Shoshan, Eylon and Radinsky, Kira},
   TITLE = {Latent Entities Extraction: How to Extract Entities that Do Not Appear in the Text?}}
@INPROCEEDINGS{conll-247,
   AUTHOR = {Krishna, Amrith and Majumder, Bodhisattwa P. and Bhat, Rajesh and Goyal, Pawan},
   SORTNAME = {Krishna, Amrith and Majumder, Bodhisattwa P. and Bhat, Rajesh and Goyal, Pawan},
   TITLE = {Upcycle Your {OCR}: Reusing {OCRs} for Post-{OCR} Text Correction in Romanised Sanskrit}}
@INPROCEEDINGS{conll-271,
   AUTHOR = {Shen, Judy Hanwen and Hofer, Matthias and Felbo, Bjarke and Levy, Roger},
   SORTNAME = {Shen, Judy Hanwen and Hofer, Matthias and Felbo, Bjarke and Levy, Roger},
   TITLE = {Comparing Models of Associative Meaning: An Empirical Investigation of Reference in Simple Language Games}}
@INPROCEEDINGS{conll-209,
   AUTHOR = {Nie, Feng and Zhou, Shuyan and Liu, Jing and Wang, Jinpeng and Lin, Chin-Yew and Pan, Rong},
   SORTNAME = {Nie, Feng and Zhou, Shuyan and Liu, Jing and Wang, Jinpeng and Lin, Chin-Yew and Pan, Rong},
   TITLE = {Aggregated Semantic Matching for Short Text Entity Linking}}
@INPROCEEDINGS{conll-236,
   AUTHOR = {Thai, Dung and Ramesh, Sree Harsha and Murty, Shikhar and Vilnis, Luke and McCallum, Andrew},
   SORTNAME = {Thai, Dung and Ramesh, Sree Harsha and Murty, Shikhar and Vilnis, Luke and McCallum, Andrew},
   TITLE = {Embedded-State Latent Conditional Random Fields for Sequence Labeling}}
@INPROCEEDINGS{conll-239,
   AUTHOR = {Chung, WooJin and Wang, Sheng-Fu and Bowman, Samuel},
   SORTNAME = {Chung, WooJin and Wang, Sheng-Fu and Bowman, Samuel},
   TITLE = {The Lifted Matrix-Space Model for Semantic Composition}}
@INPROCEEDINGS{conll-041,
   AUTHOR = {Rama, Taraka},
   SORTNAME = {Rama, Taraka},
   TITLE = {Similarity Dependent Chinese Restaurant Process for Cognate Identification in Multilingual Wordlists}}
@INPROCEEDINGS{conll-083,
   AUTHOR = {Saito, Itsumi and Nishida, Kyosuke and Asano, Hisako and Tomita, Junji},
   SORTNAME = {Saito, Itsumi and Nishida, Kyosuke and Asano, Hisako and Tomita, Junji},
   TITLE = {Commonsense Knowledge Base Completion and Generation}}
@INPROCEEDINGS{conll-070,
   AUTHOR = {Elbayad, Maha and Besacier, Laurent and Verbeek, Jakob},
   SORTNAME = {Elbayad, Maha and Besacier, Laurent and Verbeek, Jakob},
   TITLE = {Pervasive Attention: {2D} Convolutional Neural Networks for Sequence-to-Sequence Prediction}}
@INPROCEEDINGS{conll-124,
   AUTHOR = {Li, Lishuang and Liu, Yang and Zhou, AnQiao},
   SORTNAME = {Li, Lishuang and Liu, Yang and Zhou, AnQiao},
   TITLE = {Hierarchical Attention Based Position-Aware Network for Aspect-Level Sentiment Analysis}}
@INPROCEEDINGS{conll-170,
   AUTHOR = {Fevry, Thibault and Phang, Jason},
   SORTNAME = {Fevry, Thibault and Phang, Jason},
   TITLE = {Unsupervised Sentence Compression using Denoising Auto-Encoders}}
@INPROCEEDINGS{conll-148,
   AUTHOR = {Collins, Edward and Rozanov, Nikolai and Zhang, Bingbing},
   SORTNAME = {Collins, Edward and Rozanov, Nikolai and Zhang, Bingbing},
   TITLE = {Evolutionary Data Measures: Understanding the Difficulty of Text Classification Tasks}}
@INPROCEEDINGS{conll-146,
   AUTHOR = {Bennani-Smires, Kamil and Musat, Claudiu and Hossmann, Andreea and Baeriswyl, Michael and Jaggi, Martin},
   SORTNAME = {Bennani-Smires, Kamil and Musat, Claudiu and Hossmann, Andreea and Baeriswyl, Michael and Jaggi, Martin},
   TITLE = {Simple Unsupervised Keyphrase Extraction using Sentence Embeddings}}
@INPROCEEDINGS{conll-147,
   AUTHOR = {Derby, Steven and Miller, Paul and Murphy, Brian and Devereux, Barry},
   SORTNAME = {Derby, Steven and Miller, Paul and Murphy, Brian and Devereux, Barry},
   TITLE = {Using Sparse Semantic Embeddings Learned from Multimodal Text and Image Data to Model Human Conceptual Knowledge}}
