@INPROCEEDINGS{SIGMORPHON-032,
   AUTHOR = {Ermolaeva, Marina},
   SORTNAME = {Ermolaeva, Marina},
   TITLE = {Extracting Morphophonology from Small Corpora}}
@INPROCEEDINGS{SIGMORPHON-018,
   AUTHOR = {Pierrehumbert, Janet and Granell, Ramon},
   SORTNAME = {Pierrehumbert, Janet and Granell, Ramon},
   TITLE = {On Hapax Legomena and Morphological Productivity}}
@INPROCEEDINGS{SIGMORPHON-027,
   AUTHOR = {Graf, Thomas and Mayer, Connor},
   SORTNAME = {Graf, Thomas and Mayer, Connor},
   TITLE = {Sanskrit n-Retroflexion is Input-Output Tier-Based Strictly Local}}
@INPROCEEDINGS{SIGMORPHON-009,
   AUTHOR = {Hussain, Syed-Amad and Elsner, Micha and Miller, Amanda},
   SORTNAME = {Hussain, Syed-Amad and Elsner, Micha and Miller, Amanda},
   TITLE = {Lexical Networks in !Xung}}
@INPROCEEDINGS{SIGMORPHON-011,
   AUTHOR = {Kirkedal, Andreas Søeborg},
   SORTNAME = {Kirkedal, Andreas Søeborg},
   TITLE = {Acoustic Word Disambiguation with Phonogical Features in Danish ASR}}
@INPROCEEDINGS{SIGMORPHON-029,
   AUTHOR = {Wiemerslage, Adam and Silfverberg, Miikka and Hulden, Mans},
   SORTNAME = {Wiemerslage, Adam and Silfverberg, Miikka and Hulden, Mans},
   TITLE = {Phonological Features for Morphological Inflection}}
@INPROCEEDINGS{SIGMORPHON-016,
   AUTHOR = {Sofroniev, Pavel and Çöltekin, Çağrı},
   SORTNAME = {Sofroniev, Pavel and Coltekin, Cagrı},
   TITLE = {Phonetic Vector Representations for Sound Sequence Alignment}}
@INPROCEEDINGS{SIGMORPHON-006,
   AUTHOR = {Magri, Giorgio},
   SORTNAME = {Magri, Giorgio},
   TITLE = {Efficient Computation of Implicational Universals in Constraint-Based Phonology Through the Hyperplane Separation Theorem}}
@INPROCEEDINGS{SIGMORPHON-017,
   AUTHOR = {Tikhonov, Aleksey and Yamshchikov, Ivan},
   SORTNAME = {Tikhonov, Aleksey and Yamshchikov, Ivan},
   TITLE = {Sounds Wilde. Phonetically Extended Embeddings for Author-Stylized Poetry Generation}}
@INPROCEEDINGS{SIGMORPHON-001,
   AUTHOR = {Dolatian, Hossep and Heinz, Jeffrey},
   SORTNAME = {Dolatian, Hossep and Heinz, Jeffrey},
   TITLE = {Modeling Reduplication with 2-way Finite-State Transducers}}
@INPROCEEDINGS{SIGMORPHON-010,
   AUTHOR = {Godard, Pierre and Besacier, Laurent and Yvon, François and Adda-Decker, Martine and Adda, Gilles and Maynard, Hélène and Rialland, Annie},
   SORTNAME = {Godard, Pierre and Besacier, Laurent and Yvon, Francois and Adda-Decker, Martine and Adda, Gilles and Maynard, Helene and Rialland, Annie},
   TITLE = {Adaptor Grammars for the Linguist: Word Segmentation Experiments for Very Low-Resource Languages}}
@INPROCEEDINGS{SIGMORPHON-019,
   AUTHOR = {Cardenas, Ronald and Zeman, Daniel},
   SORTNAME = {Cardenas, Ronald and Zeman, Daniel},
   TITLE = {A Morphological Analyzer for Shipibo-Konibo}}
@INPROCEEDINGS{SIGMORPHON-008,
   AUTHOR = {Yamashita, Michiharu and Awashima, Hideki and Oiwa, Hidekazu},
   SORTNAME = {Yamashita, Michiharu and Awashima, Hideki and Oiwa, Hidekazu},
   TITLE = {A Comparison of Entity Matching Methods between English and Japanese Katakana}}
@INPROCEEDINGS{SIGMORPHON-021,
   AUTHOR = {Taji, Dima and Khalifa, Salam and Obeid, Ossama and Eryani, Fadhl and Habash, Nizar},
   SORTNAME = {Taji, Dima and Khalifa, Salam and Obeid, Ossama and Eryani, Fadhl and Habash, Nizar},
   TITLE = {An Arabic Morphological Analyzer and Generator with Copious Features}}
@INPROCEEDINGS{SIGMORPHON-024,
   AUTHOR = {Nicolai, Garrett and Najafi, Saeed and Kondrak, Grzegorz},
   SORTNAME = {Nicolai, Garrett and Najafi, Saeed and Kondrak, Grzegorz},
   TITLE = {String Transduction with Target Language Models and Insertion Handling}}
@INPROCEEDINGS{SIGMORPHON-012,
   AUTHOR = {Prickett, Brandon and Traylor, Aaron and Pater, Joe},
   SORTNAME = {Prickett, Brandon and Traylor, Aaron and Pater, Joe},
   TITLE = {Seq2Seq Models with Dropout can Learn Generalizable Reduplication}}
@INPROCEEDINGS{SIGMORPHON-002,
   AUTHOR = {Eskander, Ramy and Rambow, Owen and Muresan, Smaranda},
   SORTNAME = {Eskander, Ramy and Rambow, Owen and Muresan, Smaranda},
   TITLE = {Automatically Tailoring Unsupervised Morphological Segmentation to the Language}}
@INPROCEEDINGS{SIGMORPHON-005,
   AUTHOR = {Erdmann, Alexander and Habash, Nizar},
   SORTNAME = {Erdmann, Alexander and Habash, Nizar},
   TITLE = {Complementary Strategies for Low Resourced Morphological Modeling}}
@INPROCEEDINGS{SIGMORPHON-014,
   AUTHOR = {Zeldes, Amir},
   SORTNAME = {Zeldes, Amir},
   TITLE = {A Characterwise Windowed Approach to Hebrew Morphological Segmentation}}
