@INPROCEEDINGS{tutorial-final-001,
   AUTHOR = {Pasca, Marius},
   SORTNAME = {Pasca, Marius},
   TITLE = {Acquisition, Representation and Usage of Conceptual Hierarchies}}
@INPROCEEDINGS{tutorial-final-002,
   AUTHOR = {Bhattacharyya, Pushpak and Joshi, Aditya},
   SORTNAME = {Bhattacharyya, Pushpak and Joshi, Aditya},
   TITLE = {Computational Sarcasm}}
@INPROCEEDINGS{tutorial-final-003,
   AUTHOR = {Malliaros, Fragkiskos D. and Vazirgiannis, Michalis},
   SORTNAME = {Malliaros, Fragkiskos D. and Vazirgiannis, Michalis},
   TITLE = {Graph-based Text Representations: Boosting Text Mining, NLP and Information Retrieval with Graphs}}
@INPROCEEDINGS{tutorial-final-004,
   AUTHOR = {Marcheggiani, Diego and Roth, Michael and Titov, Ivan and Van Durme, Benjamin},
   SORTNAME = {Marcheggiani, Diego and Roth, Michael and Titov, Ivan and Van Durme, Benjamin},
   TITLE = {Semantic Role Labeling}}
@INPROCEEDINGS{tutorial-final-005,
   AUTHOR = {Gulcehre, Caglar and Chandar, Sarath},
   SORTNAME = {Gulcehre, Caglar and Chandar, Sarath},
   TITLE = {Memory Augmented Neural Networks for Natural Language Processing}}
@INPROCEEDINGS{tutorial-final-006,
   AUTHOR = {Lu, Wei},
   SORTNAME = {Lu, Wei},
   TITLE = {A Unified Framework for Structured Prediction: From Theory to Practice}}
@INPROCEEDINGS{tutorial-final-007,
   AUTHOR = {Faruqui, Manaal and Søgaard, Anders and Vulić, Ivan},
   SORTNAME = {Faruqui, Manaal and Søgaard, Anders and Vulić, Ivan},
   TITLE = {Cross-Lingual Word Representations: Induction and Evaluation}}
@INPROCEEDINGS{tutorial-final-xxx,
   AUTHOR = {Volkova, Svitlana and Van Durme, Benjamin and Yarowsky, David and Bachrach, Yoram},
   SORTNAME = {Volkova, Svitlana and Van Durme, Benjamin and Yarowsky, David and Bachrach, Yoram},
   TITLE = {Social Media Predictive Analytics}}
