@INPROCEEDINGS{BlackboxNLP-059,
   AUTHOR = {Tutek, Martin and Šnajder, Jan},
   SORTNAME = {Tutek, Martin and Snajder, Jan},
   TITLE = {Iterative Recursive Attention Model for Interpretable Sequence Classification}}
@INPROCEEDINGS{BlackboxNLP-066,
   AUTHOR = {Dhar, Prajit and Bisazza, Arianna},
   SORTNAME = {Dhar, Prajit and Bisazza, Arianna},
   TITLE = {Does Syntactic Knowledge in Multilingual Language Models Transfer Across Languages?}}
@INPROCEEDINGS{BlackboxNLP-050,
   AUTHOR = {Trifonov, Valentin and Ganea, Octavian-Eugen and Potapenko, Anna and Hofmann, Thomas},
   SORTNAME = {Trifonov, Valentin and Ganea, Octavian-Eugen and Potapenko, Anna and Hofmann, Thomas},
   TITLE = {Learning and Evaluating Sparse Interpretable Sentence Embeddings}}
@INPROCEEDINGS{BlackboxNLP-068,
   AUTHOR = {Sommerauer, Pia and Fokkens, Antske},
   SORTNAME = {Sommerauer, Pia and Fokkens, Antske},
   TITLE = {Firearms and Tigers are Dangerous, Kitchen Knives and Zebras are Not: Testing whether Word Embeddings Can Tell}}
@INPROCEEDINGS{BlackboxNLP-057,
   AUTHOR = {Skachkova, Natalia and Trost, Thomas and Klakow, Dietrich},
   SORTNAME = {Skachkova, Natalia and Trost, Thomas and Klakow, Dietrich},
   TITLE = {Closing Brackets with Recurrent Neural Networks}}
@INPROCEEDINGS{BlackboxNLP-032,
   AUTHOR = {Poliak, Adam and Haldar, Aparajita and Rudinger, Rachel and Hu, J. Edward and Pavlick, Ellie and White, Aaron Steven and Van Durme, Benjamin},
   SORTNAME = {Poliak, Adam and Haldar, Aparajita and Rudinger, Rachel and Hu, J. Edward and Pavlick, Ellie and White, Aaron Steven and Van Durme, Benjamin},
   TITLE = {Collecting Diverse Natural Language Inference Problems for Sentence Representation Evaluation}}
@INPROCEEDINGS{BlackboxNLP-035,
   AUTHOR = {Jang, Kyoung-Rok and Myaeng, Sung-Hyon and Kim, Sang-Bum},
   SORTNAME = {Jang, Kyoung-Rok and Myaeng, Sung-Hyon and Kim, Sang-Bum},
   TITLE = {Interpretable Word Embedding Contextualization}}
@INPROCEEDINGS{BlackboxNLP-056,
   AUTHOR = {Derby, Steven and Miller, Paul and Murphy, Brian and Devereux, Barry},
   SORTNAME = {Derby, Steven and Miller, Paul and Murphy, Brian and Devereux, Barry},
   TITLE = {Representation of Word Meaning in the Intermediate Projection Layer of a Neural Language Model}}
@INPROCEEDINGS{BlackboxNLP-051,
   AUTHOR = {Wilcox, Ethan and Levy, Roger and Morita, Takashi and Futrell, Richard},
   SORTNAME = {Wilcox, Ethan and Levy, Roger and Morita, Takashi and Futrell, Richard},
   TITLE = {What do RNN Language Models Learn about Filler---Gap Dependencies?}}
@INPROCEEDINGS{BlackboxNLP-058,
   AUTHOR = {Giulianelli, Mario and Harding, Jack and Mohnert, Florian and Hupkes, Dieuwke and Zuidema, Willem},
   SORTNAME = {Giulianelli, Mario and Harding, Jack and Mohnert, Florian and Hupkes, Dieuwke and Zuidema, Willem},
   TITLE = {Under the Hood: Using Diagnostic Classifiers to Investigate and Improve how Language Models Track Agreement Information}}
@INPROCEEDINGS{BlackboxNLP-060,
   AUTHOR = {Hiebert, Avery and Peterson, Cole and Fyshe, Alona and Mehta, Nishant},
   SORTNAME = {Hiebert, Avery and Peterson, Cole and Fyshe, Alona and Mehta, Nishant},
   TITLE = {Interpreting Word-Level Hidden State Behaviour of Character-Level LSTM Language Models}}
@INPROCEEDINGS{BlackboxNLP-034,
   AUTHOR = {Pryzant, Reid and Basu, Sugato and Sone, Kazoo},
   SORTNAME = {Pryzant, Reid and Basu, Sugato and Sone, Kazoo},
   TITLE = {Interpretable Neural Architectures for Attributing an Ad's Performance to its Writing Style}}
@INPROCEEDINGS{BlackboxNLP-018,
   AUTHOR = {Rønning, Ola and Hardt, Daniel and Søgaard, Anders},
   SORTNAME = {Rønning, Ola and Hardt, Daniel and Søgaard, Anders},
   TITLE = {Linguistic representations in multi-task neural networks for ellipsis resolution}}
@INPROCEEDINGS{BlackboxNLP-009,
   AUTHOR = {Rychalska, Barbara and Basaj, Dominika and Wróblewska, Anna and Biecek, Przemyslaw},
   SORTNAME = {Rychalska, Barbara and Basaj, Dominika and Wroblewska, Anna and Biecek, Przemyslaw},
   TITLE = {How much should you ask? On the question structure in QA systems.}}
@INPROCEEDINGS{BlackboxNLP-011,
   AUTHOR = {Poerner, Nina and Roth, Benjamin and Schütze, Hinrich},
   SORTNAME = {Poerner, Nina and Roth, Benjamin and Schutze, Hinrich},
   TITLE = {Interpretable Textual Neuron Representations for NLP}}
@INPROCEEDINGS{BlackboxNLP-007,
   AUTHOR = {Søgaard, Anders and de Lhoneux, Miryam and Augenstein, Isabelle},
   SORTNAME = {Søgaard, Anders and de Lhoneux, Miryam and Augenstein, Isabelle},
   TITLE = {Nightmare at test time: How punctuation prevents parsers from generalizing}}
@INPROCEEDINGS{BlackboxNLP-029,
   AUTHOR = {Bacon, Geoff and Regier, Terry},
   SORTNAME = {Bacon, Geoff and Regier, Terry},
   TITLE = {Probing sentence embeddings for structure-dependent tense}}
@INPROCEEDINGS{BlackboxNLP-016,
   AUTHOR = {Bastings, Joost and Baroni, Marco and Weston, Jason and Cho, Kyunghyun and Kiela, Douwe},
   SORTNAME = {Bastings, Joost and Baroni, Marco and Weston, Jason and Cho, Kyunghyun and Kiela, Douwe},
   TITLE = {Jump to better conclusions: SCAN both left and right}}
@INPROCEEDINGS{BlackboxNLP-042,
   AUTHOR = {Gupta, Pankaj and Schütze, Hinrich},
   SORTNAME = {Gupta, Pankaj and Schutze, Hinrich},
   TITLE = {LISA: Explaining Recurrent Neural Network Judgments via Layer-wIse Semantic Accumulation and Example to Pattern Transformation}}
@INPROCEEDINGS{BlackboxNLP-045,
   AUTHOR = {Stahlberg, Felix and Saunders, Danielle and Byrne, Bill},
   SORTNAME = {Stahlberg, Felix and Saunders, Danielle and Byrne, Bill},
   TITLE = {An Operation Sequence Model for Explainable Neural Machine Translation}}
@INPROCEEDINGS{BlackboxNLP-073,
   AUTHOR = {Madhyastha, Pranava Swaroop and Wang, Josiah and Specia, Lucia},
   SORTNAME = {Madhyastha, Pranava Swaroop and Wang, Josiah and Specia, Lucia},
   TITLE = {End-to-end Image Captioning Exploits Distributional Similarity in Multimodal Space}}
@INPROCEEDINGS{BlackboxNLP-028,
   AUTHOR = {Loula, Joao and Baroni, Marco and Lake, Brenden},
   SORTNAME = {Loula, Joao and Baroni, Marco and Lake, Brenden},
   TITLE = {Rearranging the Familiar: Testing Compositional Generalization in Recurrent Networks}}
@INPROCEEDINGS{BlackboxNLP-017,
   AUTHOR = {Jacovi, Alon and Sar Shalom, Oren and Goldberg, Yoav},
   SORTNAME = {Jacovi, Alon and Sar Shalom, Oren and Goldberg, Yoav},
   TITLE = {Understanding Convolutional Neural Networks for Text Classification}}
@INPROCEEDINGS{BlackboxNLP-001,
   AUTHOR = {Kerinec, Emma and Braud, Chloé and Søgaard, Anders},
   SORTNAME = {Kerinec, Emma and Braud, Chloe and Søgaard, Anders},
   TITLE = {When does deep multi-task learning work for loosely related document classification tasks?}}
@INPROCEEDINGS{BlackboxNLP-010,
   AUTHOR = {Rychalska, Barbara and Basaj, Dominika and Wróblewska, Anna and Biecek, Przemyslaw},
   SORTNAME = {Rychalska, Barbara and Basaj, Dominika and Wroblewska, Anna and Biecek, Przemyslaw},
   TITLE = {Does it care what you asked? Understanding Importance of Verbs in Deep Learning QA System}}
@INPROCEEDINGS{BlackboxNLP-019,
   AUTHOR = {Kiyono, Shun and Takase, Sho and Suzuki, Jun and Okazaki, Naoaki and Inui, Kentaro and Nagata, Masaaki},
   SORTNAME = {Kiyono, Shun and Takase, Sho and Suzuki, Jun and Okazaki, Naoaki and Inui, Kentaro and Nagata, Masaaki},
   TITLE = {Unsupervised Token-wise Alignment to Improve Interpretation of Encoder-Decoder Models}}
@INPROCEEDINGS{BlackboxNLP-026,
   AUTHOR = {Ravfogel, Shauli and Goldberg, Yoav and Tyers, Francis},
   SORTNAME = {Ravfogel, Shauli and Goldberg, Yoav and Tyers, Francis},
   TITLE = {Can LSTM Learn to Capture Agreement? The Case of Basque}}
@INPROCEEDINGS{BlackboxNLP-075,
   AUTHOR = {Wei, Johnny and Pham, Khiem and O'Connor, Brendan and Dillon, Brian},
   SORTNAME = {Wei, Johnny and Pham, Khiem and O'Connor, Brendan and Dillon, Brian},
   TITLE = {Evaluating Grammaticality in Seq2seq Models with a Broad Coverage HPSG Grammar: A Case Study on Machine Translation}}
@INPROCEEDINGS{BlackboxNLP-072,
   AUTHOR = {Raganato, Alessandro and Tiedemann, Jörg},
   SORTNAME = {Raganato, Alessandro and Tiedemann, Jorg},
   TITLE = {An Analysis of Encoder Representations in Transformer-Based Machine Translation}}
@INPROCEEDINGS{BlackboxNLP-043,
   AUTHOR = {Hupkes, Dieuwke and Bouwmeester, Sanne and Fernández, Raquel},
   SORTNAME = {Hupkes, Dieuwke and Bouwmeester, Sanne and Fernandez, Raquel},
   TITLE = {Analysing the potential of seq-to-seq models for incremental interpretation in task-oriented dialogue}}
@INPROCEEDINGS{BlackboxNLP-038,
   AUTHOR = {Verwimp, Lyan and Van hamme, Hugo and Renkens, Vincent and Wambacq, Patrick},
   SORTNAME = {Verwimp, Lyan and Van hamme, Hugo and Renkens, Vincent and Wambacq, Patrick},
   TITLE = {State Gradients for RNN Memory Analysis}}
@INPROCEEDINGS{BlackboxNLP-036,
   AUTHOR = {Wallace, Eric and Feng, Shi and Boyd-Graber, Jordan},
   SORTNAME = {Wallace, Eric and Feng, Shi and Boyd-Graber, Jordan},
   TITLE = {Interpreting Neural Networks with Nearest Neighbors}}
@INPROCEEDINGS{BlackboxNLP-031,
   AUTHOR = {Sennhauser, Luzi and Berwick, Robert},
   SORTNAME = {Sennhauser, Luzi and Berwick, Robert},
   TITLE = {Evaluating the Ability of LSTMs to Learn Context-Free Grammars}}
@INPROCEEDINGS{BlackboxNLP-065,
   AUTHOR = {Letarte, Gaël and Paradis, Frédérik and Giguère, Philippe and Laviolette, François},
   SORTNAME = {Letarte, Gael and Paradis, Frederik and Giguere, Philippe and Laviolette, Francois},
   TITLE = {Importance of Self-Attention for Sentiment Analysis}}
@INPROCEEDINGS{BlackboxNLP-062,
   AUTHOR = {Peters, Ben and Niculae, Vlad and Martins, André F. T.},
   SORTNAME = {Peters, Ben and Niculae, Vlad and Martins, Andre F. T.},
   TITLE = {Interpretable Structure Induction via Sparse Attention}}
@INPROCEEDINGS{BlackboxNLP-054,
   AUTHOR = {Jumelet, Jaap and Hupkes, Dieuwke},
   SORTNAME = {Jumelet, Jaap and Hupkes, Dieuwke},
   TITLE = {Do Language Models Understand Anything? On the Ability of LSTMs to Understand Negative Polarity Items}}
@INPROCEEDINGS{BlackboxNLP-053,
   AUTHOR = {Zhang, Kelly and Bowman, Samuel},
   SORTNAME = {Zhang, Kelly and Bowman, Samuel},
   TITLE = {Language Modeling Teaches You More than Translation Does: Lessons Learned Through Auxiliary Syntactic Task Analysis}}
@INPROCEEDINGS{BlackboxNLP-037,
   AUTHOR = {Kementchedjhieva, Yova and Lopez, Adam},
   SORTNAME = {Kementchedjhieva, Yova and Lopez, Adam},
   TITLE = {'Indicatements' that character language models learn English morpho-syntactic units and regularities}}
@INPROCEEDINGS{BlackboxNLP-063,
   AUTHOR = {Strobelt, Hendrik and Gehrmann, Sebastian and Behrisch, Michael and Perer, Adam and Pfister, Hanspeter and Rush, Alexander},
   SORTNAME = {Strobelt, Hendrik and Gehrmann, Sebastian and Behrisch, Michael and Perer, Adam and Pfister, Hanspeter and Rush, Alexander},
   TITLE = {Debugging Sequence-to-Sequence Models with Seq2Seq-Vis}}
@INPROCEEDINGS{BlackboxNLP-064,
   AUTHOR = {Htut, Phu Mon and Cho, Kyunghyun and Bowman, Samuel},
   SORTNAME = {Htut, Phu Mon and Cho, Kyunghyun and Bowman, Samuel},
   TITLE = {Grammar Induction with Neural Language Models: An Unusual Replication}}
@INPROCEEDINGS{BlackboxNLP-046,
   AUTHOR = {Krug, Andreas and Stober, Sebastian},
   SORTNAME = {Krug, Andreas and Stober, Sebastian},
   TITLE = {Introspection for convolutional automatic speech recognition}}
@INPROCEEDINGS{BlackboxNLP-077,
   AUTHOR = {Paperno, Denis},
   SORTNAME = {Paperno, Denis},
   TITLE = {Limitations in learning an interpreted language with recurrent models}}
@INPROCEEDINGS{BlackboxNLP-048,
   AUTHOR = {Wang, Alex and Singh, Amanpreet and Michael, Julian and Hill, Felix and Levy, Omer and Bowman, Samuel},
   SORTNAME = {Wang, Alex and Singh, Amanpreet and Michael, Julian and Hill, Felix and Levy, Omer and Bowman, Samuel},
   TITLE = {GLUE: A Multi-Task Benchmark and Analysis Platform for Natural Language Understanding}}
@INPROCEEDINGS{BlackboxNLP-070,
   AUTHOR = {Nematzadeh, Aida and Burns, Kaylee and Grant, Erin and Griffiths, Tom},
   SORTNAME = {Nematzadeh, Aida and Burns, Kaylee and Grant, Erin and Griffiths, Tom},
   TITLE = {Diagnosing Failures in Question Answering Tasks with Attention}}
@INPROCEEDINGS{BlackboxNLP-024,
   AUTHOR = {Garneau, Nicolas and Leboeuf, Jean-Samuel and Lamontagne, Luc},
   SORTNAME = {Garneau, Nicolas and Leboeuf, Jean-Samuel and Lamontagne, Luc},
   TITLE = {Predicting and interpreting embeddings for out of vocabulary words in downstream tasks}}
@INPROCEEDINGS{BlackboxNLP-015,
   AUTHOR = {Saphra, Naomi and Lopez, Adam},
   SORTNAME = {Saphra, Naomi and Lopez, Adam},
   TITLE = {Language Models Learn POS First}}
@INPROCEEDINGS{BlackboxNLP-003,
   AUTHOR = {Croce, Danilo and Rossini, Daniele and Basili, Roberto},
   SORTNAME = {Croce, Danilo and Rossini, Daniele and Basili, Roberto},
   TITLE = {Explaining non-linear Classifier Decisions within Kernel-based Deep Architectures}}
@INPROCEEDINGS{BlackboxNLP-076,
   AUTHOR = {Hao, Yiding and Merrill, William and Angluin, Dana and Frank, Robert and Amsel, Noah and Benz, Andrew and Mendelsohn, Simon},
   SORTNAME = {Hao, Yiding and Merrill, William and Angluin, Dana and Frank, Robert and Amsel, Noah and Benz, Andrew and Mendelsohn, Simon},
   TITLE = {Context-Free Transductions with Neural Stacks}}
@INPROCEEDINGS{BlackboxNLP-049,
   AUTHOR = {Vania, Clara and Lopez, Adam},
   SORTNAME = {Vania, Clara and Lopez, Adam},
   TITLE = {Explicitly modeling case improves neural dependency parsing}}
@INPROCEEDINGS{BlackboxNLP-040,
   AUTHOR = {Mareček, David and Rosa, Rudolf},
   SORTNAME = {Marecek, David and Rosa, Rudolf},
   TITLE = {Extracting Syntactic Trees from Transformer Encoder Self-Attentions}}
@INPROCEEDINGS{BlackboxNLP-047,
   AUTHOR = {Lippincott, Tom},
   SORTNAME = {Lippincott, Tom},
   TITLE = {Portable, layer-wise task performance monitoring for NLP models}}
@INPROCEEDINGS{BlackboxNLP-002,
   AUTHOR = {Elloumi, Zied and Besacier, Laurent and Galibert, Olivier and Lecouteux, Benjamin},
   SORTNAME = {Elloumi, Zied and Besacier, Laurent and Galibert, Olivier and Lecouteux, Benjamin},
   TITLE = {Analyzing Learned Representations of a Deep ASR Performance Prediction Model}}
@INPROCEEDINGS{BlackboxNLP-013,
   AUTHOR = {Spinks, Graham and Moens, Marie-Francine},
   SORTNAME = {Spinks, Graham and Moens, Marie-Francine},
   TITLE = {Evaluating Textual Representations through Image Generation}}
@INPROCEEDINGS{BlackboxNLP-005,
   AUTHOR = {Harbecke, David and Schwarzenberg, Robert and Alt, Christoph},
   SORTNAME = {Harbecke, David and Schwarzenberg, Robert and Alt, Christoph},
   TITLE = {Learning Explanations from Language Data}}
@INPROCEEDINGS{BlackboxNLP-014,
   AUTHOR = {Camacho-Collados, Jose and Pilehvar, Mohammad Taher},
   SORTNAME = {Camacho-Collados, Jose and Pilehvar, Mohammad Taher},
   TITLE = {On the Role of Text Preprocessing in Neural Network Architectures: An Evaluation Study on Text Categorization and Sentiment Analysis}}
@INPROCEEDINGS{BlackboxNLP-022,
   AUTHOR = {Sushil, Madhumita and Suster, Simon and Daelemans, Walter},
   SORTNAME = {Sushil, Madhumita and Suster, Simon and Daelemans, Walter},
   TITLE = {Rule induction for global explanation of trained models}}
