@INPROCEEDINGS{StyVa-008,
   AUTHOR = {Andresen, Melanie and Zinsmeister, Heike},
   SORTNAME = {Andresen, Melanie and Zinsmeister, Heike},
   TITLE = {Approximating Style by N-gram-based Annotation}}
@INPROCEEDINGS{StyVa-015,
   AUTHOR = {Bizzoni, Yuri and Chatzikyriakidis, Stergios and Ghanimifard, Mehdi},
   SORTNAME = {Bizzoni, Yuri and Chatzikyriakidis, Stergios and Ghanimifard, Mehdi},
   TITLE = {''Deep'' Learning : Detecting Metaphoricity in Adjective-Noun Pairs}}
@INPROCEEDINGS{StyVa-018,
   AUTHOR = {Litvinova, Tatiana and Seredin, Pavel and Litvinova, Olga and Zagorovskaya, Olga},
   SORTNAME = {Litvinova, Tatiana and Seredin, Pavel and Litvinova, Olga and Zagorovskaya, Olga},
   TITLE = {Differences in type-token ratio and part-of-speech frequencies in male and female Russian written texts}}
@INPROCEEDINGS{StyVa-004,
   AUTHOR = {Jhamtani, Harsh and Gangal, Varun and Hovy, Eduard and Nyberg, Eric},
   SORTNAME = {Jhamtani, Harsh and Gangal, Varun and Hovy, Eduard and Nyberg, Eric},
   TITLE = {Shakespearizing Modern Language Using Copy-Enriched Sequence to Sequence Models}}
@INPROCEEDINGS{StyVa-021,
   AUTHOR = {Niu, Xing and Carpuat, Marine},
   SORTNAME = {Niu, Xing and Carpuat, Marine},
   TITLE = {Discovering Stylistic Variations in Distributional Vector Space Models via Lexical Paraphrases}}
@INPROCEEDINGS{StyVa-012,
   AUTHOR = {Ficler, Jessica and Goldberg, Yoav},
   SORTNAME = {Ficler, Jessica and Goldberg, Yoav},
   TITLE = {Controlling Linguistic Style Aspects in Neural Language Generation}}
@INPROCEEDINGS{StyVa-022,
   AUTHOR = {Lin, Grace and Walker, Marilyn},
   SORTNAME = {Lin, Grace and Walker, Marilyn},
   TITLE = {Stylistic Variation in Television Dialogue for Natural Language Generation}}
@INPROCEEDINGS{StyVa-016,
   AUTHOR = {Shoemark, Philippa and Kirby, James and Goldwater, Sharon},
   SORTNAME = {Shoemark, Philippa and Kirby, James and Goldwater, Sharon},
   TITLE = {Topic and audience effects on distinctively Scottish vocabulary usage in Twitter data}}
@INPROCEEDINGS{StyVa-017,
   AUTHOR = {Oraby, Shereen and Homayon, Sheideh and Walker, Marilyn},
   SORTNAME = {Oraby, Shereen and Homayon, Sheideh and Walker, Marilyn},
   TITLE = {Harvesting Creative Templates for Generating Stylistically Varied Restaurant Reviews}}
@INPROCEEDINGS{StyVa-007,
   AUTHOR = {Braud, Chloé and Søgaard, Anders},
   SORTNAME = {Braud, Chloe and Søgaard, Anders},
   TITLE = {Is writing style predictive of scientific fraud?}}
@INPROCEEDINGS{StyVa-020,
   AUTHOR = {Xu, Wei},
   SORTNAME = {Xu, Wei},
   TITLE = {From Shakespeare to Twitter: What are Language Styles all about?}}
@INPROCEEDINGS{StyVa-011,
   AUTHOR = {Hitschler, Julian and van den Berg, Esther and Rehbein, Ines},
   SORTNAME = {Hitschler, Julian and van den Berg, Esther and Rehbein, Ines},
   TITLE = {Authorship Attribution with Convolutional Neural Networks and POS-Eliding}}
@INPROCEEDINGS{StyVa-013,
   AUTHOR = {Manjavacas, Enrique and De Gussem, Jeroen and Daelemans, Walter and Kestemont, Mike},
   SORTNAME = {Manjavacas, Enrique and De Gussem, Jeroen and Daelemans, Walter and Kestemont, Mike},
   TITLE = {Assessing the Stylistic Properties of Neurally Generated Text in Authorship Attribution}}
@INPROCEEDINGS{StyVa-019,
   AUTHOR = {Haider, Thomas and Palmer, Alexis},
   SORTNAME = {Haider, Thomas and Palmer, Alexis},
   TITLE = {Modeling Communicative Purpose with Functional Style: Corpus and Features for German Genre and Register Analysis}}
