@INPROCEEDINGS{BioASQ-009,
   AUTHOR = {Bhandwaldar, Abhishek and Zadrozny, Wlodek},
   SORTNAME = {Bhandwaldar, Abhishek and Zadrozny, Wlodek},
   TITLE = {UNCC QA: Biomedical Question Answering system}}
@INPROCEEDINGS{BioASQ-011,
   AUTHOR = {Naresh Kumar, Ashwin and Kesavamoorthy, Harini and Das, Madhura and Kalwad, Pramati and Chandu, Khyathi and Mitamura, Teruko and Nyberg, Eric},
   SORTNAME = {Naresh Kumar, Ashwin and Kesavamoorthy, Harini and Das, Madhura and Kalwad, Pramati and Chandu, Khyathi and Mitamura, Teruko and Nyberg, Eric},
   TITLE = {Ontology-Based Retrieval \& Neural Approaches for BioASQ Ideal Answer Generation}}
@INPROCEEDINGS{BioASQ-006,
   AUTHOR = {Jin, Qiao and Dhingra, Bhuwan and Cohen, William and Lu, Xinghua},
   SORTNAME = {Jin, Qiao and Dhingra, Bhuwan and Cohen, William and Lu, Xinghua},
   TITLE = {AttentionMeSH: Simple, Effective and Interpretable Automatic MeSH Indexer}}
@INPROCEEDINGS{BioASQ-001,
   AUTHOR = {Eckert, Fabian and Neves, Mariana},
   SORTNAME = {Eckert, Fabian and Neves, Mariana},
   TITLE = {Semantic role labeling tools for biomedical question answering: a study of selected tools on the BioASQ datasets}}
@INPROCEEDINGS{BioASQ-010,
   AUTHOR = {Kamath, Sanjay and Grau, Brigitte and Ma, Yue},
   SORTNAME = {Kamath, Sanjay and Grau, Brigitte and Ma, Yue},
   TITLE = {An Adaption of BIOASQ Question Answering dataset for Machine Reading systems by Manual Annotations of Answer Spans.}}
@INPROCEEDINGS{BioASQ-008,
   AUTHOR = {Li, Yutong and Gekakis, Nicholas and Wu, Qiuze and Li, Boyue and Chandu, Khyathi and Nyberg, Eric},
   SORTNAME = {Li, Yutong and Gekakis, Nicholas and Wu, Qiuze and Li, Boyue and Chandu, Khyathi and Nyberg, Eric},
   TITLE = {Extraction Meets Abstraction: Ideal Answer Generation for Biomedical Questions}}
@INPROCEEDINGS{BioASQ-004,
   AUTHOR = {Brokos, George and Liosis, Polyvios and McDonald, Ryan and Pappas, Dimitris and Androutsopoulos, Ion},
   SORTNAME = {Brokos, George and Liosis, Polyvios and McDonald, Ryan and Pappas, Dimitris and Androutsopoulos, Ion},
   TITLE = {AUEB at BioASQ 6: Document and Snippet Retrieval}}
@INPROCEEDINGS{BioASQ-003,
   AUTHOR = {Molla, Diego},
   SORTNAME = {Molla, Diego},
   TITLE = {Macquarie University at BioASQ 6b: Deep learning and deep reinforcement learning for query-based summarisation}}
@INPROCEEDINGS{BioASQ-012,
   AUTHOR = {Nentidis, Anastasios and Krithara, Anastasia and Bougiatiotis, Konstantinos and Paliouras, Georgios and Kakadiaris, Ioannis},
   SORTNAME = {Nentidis, Anastasios and Krithara, Anastasia and Bougiatiotis, Konstantinos and Paliouras, Georgios and Kakadiaris, Ioannis},
   TITLE = {Results of the sixth edition of the BioASQ Challenge}}
@INPROCEEDINGS{BioASQ-005,
   AUTHOR = {Rosso-Mateus, Andrés and González, Fabio A. and Montes-y-Gómez, Manuel},
   SORTNAME = {Rosso-Mateus, Andres and Gonzalez, Fabio A. and Montes-y-Gomez, Manuel},
   TITLE = {MindLab Neural Network Approach at BioASQ 6B}}
