@INPROCEEDINGS{workshop1,
  title={Third Conference on Machine Translation},
  author= {Haddow, Barry and Koehn, Philipp and Bojar, Ondřej and Federmann, Christian and Graham, Yvette and Huck, Matthias and Monz, Christof and Specia, Lucia},
  sortname= {Haddow, Barry and Koehn, Philipp and Bojar, Ondřej and Federmann, Christian and Graham, Yvette and Huck, Matthias and Monz, Christof and Specia, Lucia}
}
@INPROCEEDINGS{workshop2,
  title={The Conference on Computational Natural Language Learning},
  author= {Titov, Ivan and Korhonen, Anna},
  sortname= {Titov, Ivan and Korhonen, Anna}
}
@INPROCEEDINGS{workshop3,
  title={Ninth International Workshop on Health Text Mining and Information Analysis},
  author= {Lavelli, Alberto and Minard, Anne-Lyse and Rinaldi, Fabio},
  sortname= {Lavelli, Alberto and Minard, Anne-Lyse and Rinaldi, Fabio}
}
@INPROCEEDINGS{workshop4,
  title={Second Workshop on Abusive Language Online},
  author= {Waseem, Zeerak and Voigt, Rob and Wernimont, Jacque and Prabhakaran, Vinodkumar and Huang, Ruihong and Fišer, Darja},
  sortname= {Waseem, Zeerak and Voigt, Rob and Wernimont, Jacque and Prabhakaran, Vinodkumar and Huang, Ruihong and Fišer, Darja}
}
@INPROCEEDINGS{workshop5,
  title={Search-Oriented Conversational AI},
  author= {Chuklin, Aleksandr and Dalton, Jeff and Kiseleva, Julia and Borisov, Alexey and Burtsev, Mikhail},
  sortname= {Chuklin, Aleksandr and Dalton, Jeff and Kiseleva, Julia and Borisov, Alexey and Burtsev, Mikhail}
}
@INPROCEEDINGS{workshop6,
  title={Fifteenth SIGMORPHON Workshop on Computational Research in Phonetics, Phonology, and Morphology},
  author= {Kübler, Sandra and Nicolai, Garrett},
  sortname= {Kübler, Sandra and Nicolai, Garrett}
}
@INPROCEEDINGS{workshop7,
  title={Ninth Workshop on Computational Approaches to Subjectivity, Sentiment and Social Media Analysis},
  author= {Balahur, Alexandra and Mohammad, Saif and Klinger, Roman and Hoste, Veronique},
  sortname= {Balahur, Alexandra and Mohammad, Saif and Klinger, Roman and Hoste, Veronique}
}
@INPROCEEDINGS{workshop8,
  title={Third Social Media Mining for Health Applications Workshop and Shared Task},
  author= {Gonzalez, Graciela and Weissenbacher, Davy and Sarker, Abeed and Rouhizadeh, Masoud and Paris, Cecile and Zweigenbaum, Pierre and Paul, Michael J. and Nikfarjam, Azadeh and Klein, Ari and O'Connor, Karen},
  sortname= {Gonzalez, Graciela and Weissenbacher, Davy and Sarker, Abeed and Rouhizadeh, Masoud and Paris, Cecile and Zweigenbaum, Pierre and Paul, Michael J. and Nikfarjam, Azadeh and Klein, Ari and O'Connor, Karen}
}
@INPROCEEDINGS{workshop9,
  title={BioASQ: Large-scale biomedical semantic indexing and question answering},
  author= {Paliouras, Georgios and Kakadiaris, Ioannis and Krithara, Anastasia},
  sortname= {Paliouras, Georgios and Kakadiaris, Ioannis and Krithara, Anastasia}
}
@INPROCEEDINGS{workshop10,
  title={BlackboxNLP: Analyzing and interpreting neural networks for NLP},
  author= {Linzen, Tal and Chrupała, Grzegorz and Alishahi, Afra},
  sortname= {Linzen, Tal and Chrupała, Grzegorz and Alishahi, Afra}
}
@INPROCEEDINGS{workshop11,
  title={First Workshop on Fact Extraction and Verification},
  author= {Thorne, James and Vlachos, Andreas and Cocarascu, Oana and Christodoulopoulos, Christos and Mittal, Arpit},
  sortname= {Thorne, James and Vlachos, Andreas and Cocarascu, Oana and Christodoulopoulos, Christos and Mittal, Arpit}
}
@INPROCEEDINGS{workshop12,
  title={Fifth International Workshop on Argument Mining},
  author= {Slonim, Noam and Aharonov, Ranit},
  sortname= {Slonim, Noam and Aharonov, Ranit}
}
@INPROCEEDINGS{workshop13,
  title={Forth Workshop on Noisy User-generated Text},
  author= {Ritter, Alan and Derczynski, Leon and Xu, Wei and Baldwin, Timothy},
  sortname= {Ritter, Alan and Derczynski, Leon and Xu, Wei and Baldwin, Timothy}
}
@INPROCEEDINGS{workshop14,
  title={Second Workshop on Universal Dependencies},
  author= {de Marneffe, Marie-Catherine and Lynn, Teresa and Schuster, Sebastian and Nivre, Joakim and Ginter, Filip and Goldberg, Yoav and Hajic, Jan and Pyysalo, Sampo and Tsarfaty, Reut and Tyers, Francis and Zeman, Daniel},
  sortname= {de Marneffe, Marie-Catherine and Lynn, Teresa and Schuster, Sebastian and Nivre, Joakim and Ginter, Filip and Goldberg, Yoav and Hajic, Jan and Pyysalo, Sampo and Tsarfaty, Reut and Tyers, Francis and Zeman, Daniel}
}
