@INPROCEEDINGS{argmining2017-015,
   AUTHOR = {Bar-Haim, Roy and Edelstein, Lilach and Jochim, Charles and Slonim, Noam},
   SORTNAME = {Bar-Haim, Roy and Edelstein, Lilach and Jochim, Charles and Slonim, Noam},
   TITLE = {Improving Claim Stance Classification with Lexical Knowledge Expansion and Context Utilization}}
@INPROCEEDINGS{argmining2017-036,
   AUTHOR = {Fierro, Constanza and Fuentes, Claudio and PÃ©rez, Jorge and Quezada, Mauricio},
   SORTNAME = {Fierro, Constanza and Fuentes, Claudio and Perez, Jorge and Quezada, Mauricio},
   TITLE = {200K+ Crowdsourced Political Arguments for a New Chilean Constitution}}
@INPROCEEDINGS{argmining2017-026,
   AUTHOR = {Aker, Ahmet and Zhang, Huangpan},
   SORTNAME = {Aker, Ahmet and Zhang, Huangpan},
   TITLE = {Projection of Argumentative Corpora from Source to Target Languages}}
@INPROCEEDINGS{argmining2017-024,
   AUTHOR = {Lawrence, John and Reed, Chris},
   SORTNAME = {Lawrence, John and Reed, Chris},
   TITLE = {Mining Argumentative Structure from Natural Language text using Automatically Generated Premise-Conclusion Topic Models}}
@INPROCEEDINGS{argmining2017-029,
   AUTHOR = {Ajjour, Yamen and Chen, Wei-Fan and Kiesel, Johannes and Wachsmuth, Henning and Stein, Benno},
   SORTNAME = {Ajjour, Yamen and Chen, Wei-Fan and Kiesel, Johannes and Wachsmuth, Henning and Stein, Benno},
   TITLE = {Unit Segmentation of Argumentative Texts}}
@INPROCEEDINGS{argmining2017-012,
   AUTHOR = {Green, Nancy},
   SORTNAME = {Green, Nancy},
   TITLE = {Manual Identification of Arguments with Implicit Conclusions Using Semantic Rules for Argument Mining}}
@INPROCEEDINGS{argmining2017-017,
   AUTHOR = {Wachsmuth, Henning and Potthast, Martin and Al Khatib, Khalid and Ajjour, Yamen and Puschmann, Jana and Qu, Jiani and Dorsch, Jonas and Morari, Viorel and Bevendorff, Janek and Stein, Benno},
   SORTNAME = {Wachsmuth, Henning and Potthast, Martin and Al Khatib, Khalid and Ajjour, Yamen and Puschmann, Jana and Qu, Jiani and Dorsch, Jonas and Morari, Viorel and Bevendorff, Janek and Stein, Benno},
   TITLE = {Building an Argument Search Engine for the Web}}
@INPROCEEDINGS{argmining2017-014,
   AUTHOR = {Levy, Ran and Gretz, Shai and Sznajder, Benjamin and Hummel, Shay and Aharonov, Ranit and Slonim, Noam},
   SORTNAME = {Levy, Ran and Gretz, Shai and Sznajder, Benjamin and Hummel, Shay and Aharonov, Ranit and Slonim, Noam},
   TITLE = {Unsupervised corpus---wide claim detection}}
@INPROCEEDINGS{argmining2017-038,
   AUTHOR = {Yamada, Hiroaki and Teufel, Simone and Tokunaga, Takenobu},
   SORTNAME = {Yamada, Hiroaki and Teufel, Simone and Tokunaga, Takenobu},
   TITLE = {Annotation of argument structure in Japanese legal documents}}
@INPROCEEDINGS{argmining2017-023,
   AUTHOR = {Lawrence, John and Reed, Chris},
   SORTNAME = {Lawrence, John and Reed, Chris},
   TITLE = {Using Complex Argumentative Interactions to Reconstruct the Argumentative Structure of Large-Scale Debates}}
@INPROCEEDINGS{argmining2017-025,
   AUTHOR = {Aker, Ahmet and Sliwa, Alfred and Ma, Yuan and Lui, Ruishen and Borad, Niravkumar and Ziyaei, Seyedeh and Ghobadi, Mina},
   SORTNAME = {Aker, Ahmet and Sliwa, Alfred and Ma, Yuan and Lui, Ruishen and Borad, Niravkumar and Ziyaei, Seyedeh and Ghobadi, Mina},
   TITLE = {What works and what does not: Classifier and feature analysis for argument mining}}
@INPROCEEDINGS{argmining2017-010,
   AUTHOR = {Saint-Dizier, Patrick},
   SORTNAME = {Saint-Dizier, Patrick},
   TITLE = {Using Question-Answering Techniques to Implement a Knowledge-Driven Argument Mining Approach}}
@INPROCEEDINGS{argmining2017-035,
   AUTHOR = {Hidey, Christopher and Musi, Elena and Hwang, Alyssa and Muresan, Smaranda and McKeown, Kathy},
   SORTNAME = {Hidey, Christopher and Musi, Elena and Hwang, Alyssa and Muresan, Smaranda and McKeown, Kathy},
   TITLE = {Analyzing the Semantic Types of Claims and Premises in an Online Persuasive Forum}}
@INPROCEEDINGS{argmining2017-013,
   AUTHOR = {Hou, Yufang and Jochim, Charles},
   SORTNAME = {Hou, Yufang and Jochim, Charles},
   TITLE = {Argument Relation Classification Using a Joint Inference Model}}
@INPROCEEDINGS{argmining2017-019,
   AUTHOR = {Ferrara, Alfio and Montanelli, Stefano and Petasis, Georgios},
   SORTNAME = {Ferrara, Alfio and Montanelli, Stefano and Petasis, Georgios},
   TITLE = {Unsupervised Detection of Argumentative Units though Topic Modeling Techniques}}
