@INPROCEEDINGS{repeval-015,
   AUTHOR = {Gulati, Anmol and Agrawal, Kumar Krishna},
   SORTNAME = {Gulati, Anmol and Agrawal, Kumar Krishna},
   TITLE = {Playing with Embeddings : Evaluating embeddings for Robot Language Learning through MUD Games}}
@INPROCEEDINGS{repeval-006,
   AUTHOR = {Auguste, Jeremy and Rey, Arnaud and Favre, Benoit},
   SORTNAME = {Auguste, Jeremy and Rey, Arnaud and Favre, Benoit},
   TITLE = {Evaluation of word embeddings against cognitive processes: primed reaction times in lexical decision and naming tasks}}
@INPROCEEDINGS{repeval-004,
   AUTHOR = {Gurnani, Nishant},
   SORTNAME = {Gurnani, Nishant},
   TITLE = {Hypothesis Testing based Intrinsic Evaluation of Word Embeddings}}
@INPROCEEDINGS{repeval-007,
   AUTHOR = {Chen, Qian and Zhu, Xiaodan and Ling, Zhen-Hua and Wei, Si and Jiang, Hui and Inkpen, Diana},
   SORTNAME = {Chen, Qian and Zhu, Xiaodan and Ling, Zhen-Hua and Wei, Si and Jiang, Hui and Inkpen, Diana},
   TITLE = {Recurrent Neural Network-Based Sentence Encoder with Gated Attention for Natural Language Inference}}
@INPROCEEDINGS{repeval-014,
   AUTHOR = {Vu, Hoa},
   SORTNAME = {Vu, Hoa},
   TITLE = {LCT-MALTA's Submission to RepEval 2017 Shared Task}}
@INPROCEEDINGS{repeval-001,
   AUTHOR = {Che, Xiaoyin and Ring, Nico and Raschkowski, Willi and Yang, Haojin and Meinel, Christoph},
   SORTNAME = {Che, Xiaoyin and Ring, Nico and Raschkowski, Willi and Yang, Haojin and Meinel, Christoph},
   TITLE = {Traversal-Free Word Vector Evaluation in Analogy Space}}
@INPROCEEDINGS{repeval-003,
   AUTHOR = {Yang, Han and Costa-jussà, Marta R. and Fonollosa, José A. R.},
   SORTNAME = {Yang, Han and Costa-jussa, Marta R. and Fonollosa, Jose A. R.},
   TITLE = {Character-level Intra Attention Network for Natural Language Inference}}
@INPROCEEDINGS{repeval-010,
   AUTHOR = {Nie, Yixin and Bansal, Mohit},
   SORTNAME = {Nie, Yixin and Bansal, Mohit},
   TITLE = {Shortcut-Stacked Sentence Encoders for Multi-Domain Inference}}
@INPROCEEDINGS{repeval-011,
   AUTHOR = {Balazs, Jorge and Marrese-Taylor, Edison and Loyola, Pablo and Matsuo, Yutaka},
   SORTNAME = {Balazs, Jorge and Marrese-Taylor, Edison and Loyola, Pablo and Matsuo, Yutaka},
   TITLE = {Refining Raw Sentence Representations for Textual Entailment Recognition via Attention}}
@INPROCEEDINGS{repeval-005,
   AUTHOR = {Şulea, Octavia-Maria},
   SORTNAME = {Sulea, Octavia-Maria},
   TITLE = {Recognizing Textual Entailment in Twitter Using Word Embeddings}}
