@Book{TOBEFILLED-EduApp:0,
  title     = {TOBEFILLED-Proceedings of the Second Workshop on Building Educational Applications Using NLP},
  month     = {TOBEFILLED-June},
  year      = {TOBEFILLED-1},
  address   = {TOBEFILLED-Ann Arbor, Michigan},
  publisher = {Association for Computational Linguistics},
  url       = {TOBEFILLED-e.g, http://www.aclweb.org/anthology/P17-1, http://www.aclweb.org/anthology/W17-20 0}
}

