@InProceedings{wang-he-zhou:0:TOBEFILLED-EduApp,
  author    = {Wang, Chengyu  and  He, Xiaofeng  and  Zhou, Aoying},
  title     = {A Short Survey on Taxonomy Learning from Text Corpora: Issues, Resources and Recent Advances},
  booktitle = {TOBEFILLED-Proceedings of the Second Workshop on Building Educational Applications Using NLP},
  month     = {TOBEFILLED-June},
  year      = {TOBEFILLED-1},
  address   = {TOBEFILLED-Ann Arbor, Michigan},
  publisher = {Association for Computational Linguistics},
  pages     = {1199--1212},
  abstract  = {A taxonomy is a semantic hierarchy, consisting of concepts linked by is-a
	relations. While a large number of taxonomies have been constructed from
	human-compiled resources (e.g., Wikipedia), learning taxonomies from text
	corpora has received a growing interest and is essential for long-tailed and
	domain-specific knowledge acquisition. In this paper, we overview recent
	advances on taxonomy construction from free texts, reorganizing relevant
	subtasks into a complete framework. We also overview resources for evaluation
	and discuss challenges for future research.},
  url       = {TOBEFILLED-e.g, http://www.aclweb.org/anthology/P17-1124, http://www.aclweb.org/anthology/W17-20 0}
}

