@InProceedings{luan-ostendorf-hajishirzi:0:TOBEFILLED-EduApp,
  author    = {Luan, Yi  and  Ostendorf, Mari  and  Hajishirzi, Hannaneh},
  title     = {Scientific Information Extraction with Semi-supervised Neural Tagging},
  booktitle = {TOBEFILLED-Proceedings of the Second Workshop on Building Educational Applications Using NLP},
  month     = {TOBEFILLED-June},
  year      = {TOBEFILLED-1},
  address   = {TOBEFILLED-Ann Arbor, Michigan},
  publisher = {Association for Computational Linguistics},
  pages     = {2624--2634},
  abstract  = {This paper addresses the problem of extracting                                       
	     
	keyphrases
	from
	scientific
	articles and categorizing them as corresponding to a task, process, or
	material. We cast the problem as sequence tagging and introduce 
	semi-supervised methods to a neural tagging model, which builds on recent
	advances in named entity recognition. Since annotated training data is scarce
	in this domain, we introduce a graph-based semi-supervised algorithm together 
	with a data selection scheme to leverage unannotated articles. Both inductive
	and transductive semi-supervised learning strategies outperform
	state-of-the-art information extraction performance on the 2017 SemEval Task 10
	ScienceIE task.},
  url       = {TOBEFILLED-e.g, http://www.aclweb.org/anthology/P17-1277, http://www.aclweb.org/anthology/W17-20 0}
}

