@INPROCEEDINGS{SPNLP-004,
   AUTHOR = {Sharaf, Amr and Daum√© III, Hal},
   SORTNAME = {Sharaf, Amr and Daume III, Hal},
   TITLE = {Structured Prediction via Learning to Search under Bandit Feedback}}
@INPROCEEDINGS{SPNLP-012,
   AUTHOR = {Strubell, Emma and McCallum, Andrew},
   SORTNAME = {Strubell, Emma and McCallum, Andrew},
   TITLE = {Dependency Parsing with Dilated Iterated Graph CNNs}}
@INPROCEEDINGS{SPNLP-001,
   AUTHOR = {Serban, Iulian Vlad and Ororbia II, Alexander and Pineau, Joelle and Courville, Aaron},
   SORTNAME = {Serban, Iulian Vlad and Ororbia II, Alexander and Pineau, Joelle and Courville, Aaron},
   TITLE = {Piecewise Latent Variables for Neural Variational Text Processing}}
@INPROCEEDINGS{SPNLP-003,
   AUTHOR = {Bradbury, James and Socher, Richard},
   SORTNAME = {Bradbury, James and Socher, Richard},
   TITLE = {Towards Neural Machine Translation with Latent Tree Attention}}
@INPROCEEDINGS{SPNLP-010,
   AUTHOR = {Qian, Feng and Sha, Lei and Chang, Baobao and Liu, LuChen and Zhang, Ming},
   SORTNAME = {Qian, Feng and Sha, Lei and Chang, Baobao and Liu, LuChen and Zhang, Ming},
   TITLE = {Syntax Aware LSTM model for Semantic Role Labeling}}
@INPROCEEDINGS{SPNLP-011,
   AUTHOR = {Kordjamshidi, Parisa and Rahgooy, Taher and Manzoor, Umar},
   SORTNAME = {Kordjamshidi, Parisa and Rahgooy, Taher and Manzoor, Umar},
   TITLE = {Spatial Language Understanding with Multimodal Graphs using Declarative Learning based Programming}}
@INPROCEEDINGS{SPNLP-013,
   AUTHOR = {Meerkamp, Philipp and Zhou, Zhengyi},
   SORTNAME = {Meerkamp, Philipp and Zhou, Zhengyi},
   TITLE = {Boosting Information Extraction Systems with Character-level Neural Networks and Free Noisy Supervision}}
@INPROCEEDINGS{SPNLP-002,
   AUTHOR = {Stratos, Karl},
   SORTNAME = {Stratos, Karl},
   TITLE = {Entity Identification as Multitasking}}
