@InProceedings{vu:0:TOBEFILLED-EduApp,
  author    = {Vu, Hoa},
  title     = {LCT-MALTA's Submission to RepEval 2017 Shared Task},
  booktitle = {TOBEFILLED-Proceedings of the Second Workshop on Building Educational Applications Using NLP},
  month     = {TOBEFILLED-June},
  year      = {TOBEFILLED-1},
  address   = {TOBEFILLED-Ann Arbor, Michigan},
  publisher = {Association for Computational Linguistics},
  pages     = {46--50},
  abstract  = {System using BiLSTM and max pooling. Embedding is enhanced by POS, character
	and dependency info.},
  url       = {TOBEFILLED-http://www.aclweb.org/anthology/W/W05/W05-0210}
}

