@INPROCEEDINGS{argmining2018-034,
   AUTHOR = {Lauscher, Anne and Glavaš, Goran and Ponzetto, Simone Paolo},
   SORTNAME = {Lauscher, Anne and Glavas, Goran and Ponzetto, Simone Paolo},
   TITLE = {An Argument-Annotated Corpus of Scientific Publications}}
@INPROCEEDINGS{argmining2018-018,
   AUTHOR = {Galassi, Andrea and Lippi, Marco and Torroni, Paolo},
   SORTNAME = {Galassi, Andrea and Lippi, Marco and Torroni, Paolo},
   TITLE = {Argumentative Link Prediction using Residual Networks and Multi-Objective Learning}}
@INPROCEEDINGS{argmining2018-011,
   AUTHOR = {Torsi, Benedetta and Morante, Roser},
   SORTNAME = {Torsi, Benedetta and Morante, Roser},
   TITLE = {Annotating Claims in the Vaccination Debate}}
@INPROCEEDINGS{argmining2018-007,
   AUTHOR = {Skeppstedt, Maria and Peldszus, Andreas and Stede, Manfred},
   SORTNAME = {Skeppstedt, Maria and Peldszus, Andreas and Stede, Manfred},
   TITLE = {More or less controlled elicitation of argumentative text: Enlarging a microtext corpus via crowdsourcing}}
@INPROCEEDINGS{argmining2018-028,
   AUTHOR = {Le, Dieu-Thu and Nguyen, Cam Tu and Nguyen, Kim Anh},
   SORTNAME = {Le, Dieu-Thu and Nguyen, Cam Tu and Nguyen, Kim Anh},
   TITLE = {Dave the debater: a retrieval-based and generative argumentative dialogue agent}}
@INPROCEEDINGS{argmining2018-017,
   AUTHOR = {Passon, Marco and Lippi, Marco and Serra, Giuseppe and Tasso, Carlo},
   SORTNAME = {Passon, Marco and Lippi, Marco and Serra, Giuseppe and Tasso, Carlo},
   TITLE = {Predicting the Usefulness of Amazon Reviews Using Off-The-Shelf Argumentation Mining}}
@INPROCEEDINGS{argmining2018-001,
   AUTHOR = {Lugini, Luca and Litman, Diane},
   SORTNAME = {Lugini, Luca and Litman, Diane},
   TITLE = {Argument Component Classification for Classroom Discussions}}
@INPROCEEDINGS{argmining2018-019,
   AUTHOR = {Walker, Vern R. and Foerster, Dina and Ponce, Julia Monica and Rosen, Matthew},
   SORTNAME = {Walker, Vern R. and Foerster, Dina and Ponce, Julia Monica and Rosen, Matthew},
   TITLE = {Evidence Types, Credibility Factors, and Patterns or Soft Rules for Weighing Conflicting Evidence: Argument Mining in the Context of Legal Rules Governing Evidence Assessment}}
@INPROCEEDINGS{argmining2018-036,
   AUTHOR = {Naderi, Nona and Hirst, Graeme},
   SORTNAME = {Naderi, Nona and Hirst, Graeme},
   TITLE = {Using context to identify the language of face-saving}}
@INPROCEEDINGS{argmining2018-031,
   AUTHOR = {Reisert, Paul and Inoue, Naoya and Kuribayashi, Tatsuki and Inui, Kentaro},
   SORTNAME = {Reisert, Paul and Inoue, Naoya and Kuribayashi, Tatsuki and Inui, Kentaro},
   TITLE = {Feasible Annotation Scheme for Capturing Policy Argument Reasoning using Argument Templates}}
@INPROCEEDINGS{argmining2018-030,
   AUTHOR = {Lauscher, Anne and Glavaš, Goran and Eckert, Kai},
   SORTNAME = {Lauscher, Anne and Glavas, Goran and Eckert, Kai},
   TITLE = {ArguminSci: A Tool for Analyzing Argumentation and Rhetorical Aspects in Scientific Writing}}
@INPROCEEDINGS{argmining2018-024,
   AUTHOR = {Rocha, Gil and Stab, Christian and Lopes Cardoso, Henrique and Gurevych, Iryna},
   SORTNAME = {Rocha, Gil and Stab, Christian and Lopes Cardoso, Henrique and Gurevych, Iryna},
   TITLE = {Cross-Lingual Argumentative Relation Identification: from English to Portuguese}}
@INPROCEEDINGS{argmining2018-012,
   AUTHOR = {Eger, Steffen and Rücklé, Andreas and Gurevych, Iryna},
   SORTNAME = {Eger, Steffen and Ruckle, Andreas and Gurevych, Iryna},
   TITLE = {PD3: Better Low-Resource Cross-Lingual Transfer By Combining Direct Transfer and Annotation Projection}}
@INPROCEEDINGS{argmining2018-002,
   AUTHOR = {Green, Nancy},
   SORTNAME = {Green, Nancy},
   TITLE = {Proposed Method for Annotation of Scientific Arguments in Terms of Semantic Relations and Argument Schemes}}
@INPROCEEDINGS{argmining2018-013,
   AUTHOR = {Morio, Gaku and Fujita, Katsuhide},
   SORTNAME = {Morio, Gaku and Fujita, Katsuhide},
   TITLE = {End-to-End Argument Mining for Discussion Threads Based on Parallel Constrained Pointer Architecture}}
@INPROCEEDINGS{argmining2018-005,
   AUTHOR = {Gu, Yunfan and Wei, Zhongyu and Xu, Maoran and Fu, Hao and Liu, Yang and Huang, Xuanjing},
   SORTNAME = {Gu, Yunfan and Wei, Zhongyu and Xu, Maoran and Fu, Hao and Liu, Yang and Huang, Xuanjing},
   TITLE = {Incorporating Topic Aspects for Online Comment Convincingness Evaluation}}
@INPROCEEDINGS{argmining2018-022,
   AUTHOR = {Mayer, Tobias and Cabrio, Elena and Villata, Serena},
   SORTNAME = {Mayer, Tobias and Cabrio, Elena and Villata, Serena},
   TITLE = {Evidence Type Classification in Randomized Controlled Trials}}
@INPROCEEDINGS{argmining2018-025,
   AUTHOR = {Botschen, Teresa and Sorokin, Daniil and Gurevych, Iryna},
   SORTNAME = {Botschen, Teresa and Sorokin, Daniil and Gurevych, Iryna},
   TITLE = {Frame- and Entity-Based Knowledge for Common-Sense Argumentative Reasoning}}
