@INPROCEEDINGS{DiscoMT2017-008,
   AUTHOR = {Mascarell, Laura},
   SORTNAME = {Mascarell, Laura},
   TITLE = {Lexical Chains meet Word Embeddings in Document-level Statistical Machine Translation}}
@INPROCEEDINGS{DiscoMT2017-015,
   AUTHOR = {Sim Smith, Karin},
   SORTNAME = {Sim Smith, Karin},
   TITLE = {On Integrating Discourse in Machine Translation}}
@INPROCEEDINGS{DiscoMT2017-018,
   AUTHOR = {Jean, Sébastien and Lauly, Stanislas and Firat, Orhan and Cho, Kyunghyun},
   SORTNAME = {Jean, Sebastien and Lauly, Stanislas and Firat, Orhan and Cho, Kyunghyun},
   TITLE = {Neural Machine Translation for Cross-Lingual Pronoun Prediction}}
@INPROCEEDINGS{DiscoMT2017-009,
   AUTHOR = {Born, Leo and Mesgar, Mohsen and Strube, Michael},
   SORTNAME = {Born, Leo and Mesgar, Mohsen and Strube, Michael},
   TITLE = {Using a Graph-based Coherence Model in Document-Level Machine Translation}}
@INPROCEEDINGS{DiscoMT2017-021,
   AUTHOR = {Luotolahti, Juhani and Kanerva, Jenna and Ginter, Filip},
   SORTNAME = {Luotolahti, Juhani and Kanerva, Jenna and Ginter, Filip},
   TITLE = {Cross-Lingual Pronoun Prediction with Deep Recurrent Neural Networks v2.0}}
@INPROCEEDINGS{DiscoMT2017-012,
   AUTHOR = {Grishina, Yulia},
   SORTNAME = {Grishina, Yulia},
   TITLE = {Combining the output of two coreference resolution systems for two source languages to improve annotation projection}}
@INPROCEEDINGS{DiscoMT2017-022,
   AUTHOR = {Loáiciga, Sharid and Stymne, Sara and Nakov, Preslav and Hardmeier, Christian and Tiedemann, Jörg and Cettolo, Mauro and Versley, Yannick},
   SORTNAME = {Loaiciga, Sharid and Stymne, Sara and Nakov, Preslav and Hardmeier, Christian and Tiedemann, Jorg and Cettolo, Mauro and Versley, Yannick},
   TITLE = {Findings of the 2017 DiscoMT Shared Task on Cross-lingual Pronoun Prediction}}
@INPROCEEDINGS{DiscoMT2017-016,
   AUTHOR = {Tiedemann, Jörg and Scherrer, Yves},
   SORTNAME = {Tiedemann, Jorg and Scherrer, Yves},
   TITLE = {Neural Machine Translation with Extended Context}}
@INPROCEEDINGS{DiscoMT2017-017,
   AUTHOR = {Müller, Mathias},
   SORTNAME = {Muller, Mathias},
   TITLE = {Treatment of Markup in Statistical Machine Translation}}
@INPROCEEDINGS{DiscoMT2017-020,
   AUTHOR = {Li, Hongzheng and Langlais, Philippe and Jin, Yaohong},
   SORTNAME = {Li, Hongzheng and Langlais, Philippe and Jin, Yaohong},
   TITLE = {Translating Implicit Discourse Connectives Based on Cross-lingual Annotation and Alignment}}
@INPROCEEDINGS{DiscoMT2017-014,
   AUTHOR = {Lapshinova-Koltunski, Ekaterina and Hardmeier, Christian},
   SORTNAME = {Lapshinova-Koltunski, Ekaterina and Hardmeier, Christian},
   TITLE = {Discovery of Discourse-Related Language Contrasts through Alignment Discrepancies in English-German Translation}}
@INPROCEEDINGS{DiscoMT2017-010,
   AUTHOR = {Miculicich Werlen, Lesly and Popescu-Belis, Andrei},
   SORTNAME = {Miculicich Werlen, Lesly and Popescu-Belis, Andrei},
   TITLE = {Validation of an Automatic Metric for the Accuracy of Pronoun Translation (APT)}}
@INPROCEEDINGS{DiscoMT2017-013,
   AUTHOR = {Stymne, Sara and Loáiciga, Sharid and Cap, Fabienne},
   SORTNAME = {Stymne, Sara and Loaiciga, Sharid and Cap, Fabienne},
   TITLE = {A BiLSTM-based System for Cross-lingual Pronoun Prediction}}
@INPROCEEDINGS{DiscoMT2017-019,
   AUTHOR = {Hardmeier, Christian},
   SORTNAME = {Hardmeier, Christian},
   TITLE = {Predicting Pronouns with a Convolutional Network and an N-gram Model}}
