@INPROCEEDINGS{1037-TACL,
  AUTHOR = {Fujii, Ryo and Domoto, Ryo and Mochihashi, Daichi},
  TITLE = {[TACL] Nonparametric Bayesian Semi-supervised Word Segmentation},
  SORTNAME = {[TACL] Nonparametric Bayesian Semi-supervised Word Segmentation}}

@INPROCEEDINGS{1040-TACL,
  AUTHOR = {Bigvand, Anahita Mansouri and Bu, Te and Sarkar, Anoop},
  TITLE = {[TACL] Joint Prediction of Word Alignment with Alignment Types},
  SORTNAME = {[TACL] Joint Prediction of Word Alignment with Alignment Types}}

@INPROCEEDINGS{1061-TACL,
  AUTHOR = {Kim, Jooyeon and Kim, Dongwoo and Oh, Alice},
  TITLE = {[TACL] Joint Modeling of Topics, Citations, and Topical Authority in Academic Corpora},
  SORTNAME = {[TACL] Joint Modeling of Topics, Citations, and Topical Authority in Academic Corpora}}

@INPROCEEDINGS{1081-TACL,
  AUTHOR = {Johnson, Melvin and Schuster, Mike and Le, Quoc V. and Krikun, Maxim and Wu, Yonghui and Chen, Zhifeng and Thorat, Nikhil and Viégas, Fernanda and Wattenberg, Martin and Corrado, Greg and Hughes, Macduff and Dean, Jeffrey},
  TITLE = {[TACL] Google's Multilingual Neural Machine Translation System: Enabling Zero-Shot Translation},
  SORTNAME = {[TACL] Google's Multilingual Neural Machine Translation System: Enabling Zero-Shot Translation}}

@INPROCEEDINGS{1083-TACL,
  AUTHOR = {Zayats, Vicky and Ostendorf, Mari},
  TITLE = {[TACL] Conversation Modeling on Reddit using a Graph-Structured LSTM},
  SORTNAME = {[TACL] Conversation Modeling on Reddit using a Graph-Structured LSTM}}

@INPROCEEDINGS{1142-TACL,
  AUTHOR = {Monroe, Will and Hawkins, Robert X.D. and Goodman, Noah D. and Potts, Christopher},
  TITLE = {[TACL] Colors in Context: A Pragmatic Neural Model for Grounded Language Understanding},
  SORTNAME = {[TACL] Colors in Context: A Pragmatic Neural Model for Grounded Language Understanding}}

@INPROCEEDINGS{1170-TACL,
  AUTHOR = {Kummerfeld, Jonathan K. and Klein, Dan},
  TITLE = {[TACL] Parsing with Traces: An O(n^4) Algorithm and a Structural Representation},
  SORTNAME = {[TACL] Parsing with Traces: An O(n^4) Algorithm and a Structural Representation}}

@INPROCEEDINGS{1171-TACL,
  AUTHOR = {Mrkšić, Nikola and Vulić, Ivan and Séaghdha, Diarmuid Ó and Leviant, Ira and Reichart, Roi and Gašić, Milica and Korhonen, Anna and Young, Steve},
  TITLE = {[TACL] Semantic Specialisation of Distributional Word Vector Spaces using Monolingual and Cross-Lingual Constraints},
  SORTNAME = {[TACL] Semantic Specialisation of Distributional Word Vector Spaces using Monolingual and Cross-Lingual Constraints}}

@INPROCEEDINGS{1055-TACL,
  AUTHOR = {Richter, Caitlin and Feldman, Naomi H. and Salgado, Harini and Jansen, Aren},
  TITLE = {[TACL] Evaluating Low-Level Speech Features Against Human Perceptual Data},
  SORTNAME = {[TACL] Evaluating Low-Level Speech Features Against Human Perceptual Data}}

