@INPROCEEDINGS{wassa2017-068,
   AUTHOR = {Buscaldi, Davide and Priego, Belem},
   SORTNAME = {Buscaldi, Davide and Priego, Belem},
   TITLE = {LIPN-UAM at EmoInt-2017:Combination of Lexicon-based features and Sentence-level Vector Representations for Emotion Intensity Determination}}
@INPROCEEDINGS{wassa2017-060,
   AUTHOR = {Arras, Leila and Montavon, Grégoire and Müller, Klaus-Robert and Samek, Wojciech},
   SORTNAME = {Arras, Leila and Montavon, Gregoire and Muller, Klaus-Robert and Samek, Wojciech},
   TITLE = {Explaining Recurrent Neural Network Predictions in Sentiment Analysis}}
@INPROCEEDINGS{wassa2017-066,
   AUTHOR = {John, Vineet and Vechtomova, Olga},
   SORTNAME = {John, Vineet and Vechtomova, Olga},
   TITLE = {UWat-Emote at EmoInt-2017: Emotion Intensity Detection using Affect Clues, Sentiment Polarity and Word Embeddings}}
@INPROCEEDINGS{wassa2017-054,
   AUTHOR = {Madisetty, Sreekanth and Desarkar, Maunendra Sankar},
   SORTNAME = {Madisetty, Sreekanth and Desarkar, Maunendra Sankar},
   TITLE = {NSEmo at EmoInt-2017: An Ensemble to Predict Emotion Intensity in Tweets}}
@INPROCEEDINGS{wassa2017-008,
   AUTHOR = {Santos, Henrique and Vieira, Renata},
   SORTNAME = {Santos, Henrique and Vieira, Renata},
   TITLE = {PLN-PUCRS at EmoInt-2017: Psycholinguistic features for emotion intensity prediction in tweets}}
@INPROCEEDINGS{wassa2017-050,
   AUTHOR = {Duppada, Venkatesh and Hiray, Sushant},
   SORTNAME = {Duppada, Venkatesh and Hiray, Sushant},
   TITLE = {Seernet at EmoInt-2017: Tweet Emotion Intensity Estimator}}
@INPROCEEDINGS{wassa2017-058,
   AUTHOR = {Marrese-Taylor, Edison and Matsuo, Yutaka},
   SORTNAME = {Marrese-Taylor, Edison and Matsuo, Yutaka},
   TITLE = {EmoAtt at EmoInt-2017: Inner attention sentence embedding for Emotion Intensity}}
@INPROCEEDINGS{wassa2017-079,
   AUTHOR = {Balahur, Alexandra},
   SORTNAME = {Balahur, Alexandra},
   TITLE = {Understanding human values and their emotional effect}}
@INPROCEEDINGS{wassa2017-053,
   AUTHOR = {Akhtar, Md Shad and Sawant, Palaash and Ekbal, Asif and Pawar, Jyoti and Bhattacharyya, Pushpak},
   SORTNAME = {Akhtar, Md Shad and Sawant, Palaash and Ekbal, Asif and Pawar, Jyoti and Bhattacharyya, Pushpak},
   TITLE = {IITP at EmoInt-2017: Measuring Intensity of Emotions using Sentence Embeddings and Optimized Features}}
@INPROCEEDINGS{wassa2017-026,
   AUTHOR = {De Clercq, Orphee and Lefever, Els and Jacobs, Gilles and Carpels, Tijl and Hoste, Veronique},
   SORTNAME = {De Clercq, Orphee and Lefever, Els and Jacobs, Gilles and Carpels, Tijl and Hoste, Veronique},
   TITLE = {Towards an integrated pipeline for aspect-based sentiment analysis in various domains}}
@INPROCEEDINGS{wassa2017-024,
   AUTHOR = {Donato, Giulia and Paggio, Patrizia},
   SORTNAME = {Donato, Giulia and Paggio, Patrizia},
   TITLE = {Investigating Redundancy in Emoji Use: Study on a Twitter Based Corpus}}
@INPROCEEDINGS{wassa2017-059,
   AUTHOR = {He, Yuanye and Yu, Liang-Chih and Lai, K. Robert and Liu, Weiyi},
   SORTNAME = {He, Yuanye and Yu, Liang-Chih and Lai, K. Robert and Liu, Weiyi},
   TITLE = {YZU-NLP at EmoInt-2017: Determining Emotion Intensity Using a Bi-directional LSTM-CNN Model}}
@INPROCEEDINGS{wassa2017-080,
   AUTHOR = {Gurevych, Iryna},
   SORTNAME = {Gurevych, Iryna},
   TITLE = {Latest News in Computational Argumentation: Surfing on the Deep Learning Wave, Scuba Diving in the Abyss of Fundamental Questions}}
@INPROCEEDINGS{wassa2017-009,
   AUTHOR = {Shin, Bonggun and Lee, Timothy and Choi, Jinho D.},
   SORTNAME = {Shin, Bonggun and Lee, Timothy and Choi, Jinho D.},
   TITLE = {Lexicon Integrated CNN Models with Attention for Sentiment Analysis}}
@INPROCEEDINGS{wassa2017-081,
   AUTHOR = {Joshi, Aditya},
   SORTNAME = {Joshi, Aditya},
   TITLE = {Detecting Sarcasm Using Different Forms Of Incongruity}}
@INPROCEEDINGS{wassa2017-029,
   AUTHOR = {Lakomkin, Egor and Bothe, Chandrakant and Wermter, Stefan},
   SORTNAME = {Lakomkin, Egor and Bothe, Chandrakant and Wermter, Stefan},
   TITLE = {GradAscent at EmoInt-2017: Character and Word Level Recurrent Neural Network Models for Tweet Emotion Intensity Detection}}
@INPROCEEDINGS{wassa2017-022,
   AUTHOR = {Giannakopoulos, Athanasios and Musat, Claudiu and Hossmann, Andreea and Baeriswyl, Michael},
   SORTNAME = {Giannakopoulos, Athanasios and Musat, Claudiu and Hossmann, Andreea and Baeriswyl, Michael},
   TITLE = {Unsupervised Aspect Term Extraction with B-LSTM \& CRF using Automatically Labelled Datasets}}
@INPROCEEDINGS{wassa2017-016,
   AUTHOR = {Meisheri, Hardik and Saha, Rupsa and Sinha, Priyanka and Dey, Lipika},
   SORTNAME = {Meisheri, Hardik and Saha, Rupsa and Sinha, Priyanka and Dey, Lipika},
   TITLE = {Textmining at EmoInt-2017: A Deep Learning Approach to Sentiment Intensity Scoring of English Tweets}}
@INPROCEEDINGS{wassa2017-040,
   AUTHOR = {Mohanty, Gaurav and Kannan, Abishek and Mamidi, Radhika},
   SORTNAME = {Mohanty, Gaurav and Kannan, Abishek and Mamidi, Radhika},
   TITLE = {Building a SentiWordNet for Odia}}
@INPROCEEDINGS{wassa2017-057,
   AUTHOR = {Moreno-Ortiz, Antonio},
   SORTNAME = {Moreno-Ortiz, Antonio},
   TITLE = {Tecnolengua Lingmotif at EmoInt-2017: A lexicon-based approach}}
@INPROCEEDINGS{wassa2017-030,
   AUTHOR = {Andryushechkin, Vladimir and Wood, Ian and O' Neill, James},
   SORTNAME = {Andryushechkin, Vladimir and Wood, Ian and O' Neill, James},
   TITLE = {NUIG at EmoInt-2017: BiLSTM and SVR Ensemble to Detect Emotion Intensity}}
@INPROCEEDINGS{wassa2017-061,
   AUTHOR = {Jain, Prayas and Goel, Pranav and Kulshreshtha, Devang and Shukla, Kaushal Kumar},
   SORTNAME = {Jain, Prayas and Goel, Pranav and Kulshreshtha, Devang and Shukla, Kaushal Kumar},
   TITLE = {Prayas at EmoInt 2017: An Ensemble of Deep Neural Architectures for Emotion Intensity Prediction in Tweets}}
@INPROCEEDINGS{wassa2017-076,
   AUTHOR = {R, Vinayakumar and b, premjith and s, sachin kumar and kp, soman and Poornachandran, Prabaharan},
   SORTNAME = {R, Vinayakumar and b, premjith and s, sachin kumar and kp, soman and Poornachandran, Prabaharan},
   TITLE = {deepCybErNet at EmoInt-2017: Deep Emotion Intensities in Tweets}}
@INPROCEEDINGS{wassa2017-020,
   AUTHOR = {Schuff, Hendrik and Barnes, Jeremy and Mohme, Julian and Padó, Sebastian and Klinger, Roman},
   SORTNAME = {Schuff, Hendrik and Barnes, Jeremy and Mohme, Julian and Pado, Sebastian and Klinger, Roman},
   TITLE = {Annotation, Modelling and Analysis of Fine-Grained Emotions on a Stance and Sentiment Detection Corpus}}
@INPROCEEDINGS{wassa2017-014,
   AUTHOR = {Köper, Maximilian and Kim, Evgeny and Klinger, Roman},
   SORTNAME = {Koper, Maximilian and Kim, Evgeny and Klinger, Roman},
   TITLE = {IMS at EmoInt-2017: Emotion Intensity Prediction with Affective Norms, Automatically Extended Resources and Deep Learning}}
@INPROCEEDINGS{wassa2017-023,
   AUTHOR = {Zhang, You and Yuan, Hang and Wang, Jin and Zhang, Xuejie},
   SORTNAME = {Zhang, You and Yuan, Hang and Wang, Jin and Zhang, Xuejie},
   TITLE = {YNU-HPCC at EmoInt-2017: Using a CNN-LSTM Model for Sentiment Intensity Prediction}}
@INPROCEEDINGS{wassa2017-039,
   AUTHOR = {Halder, Kishaloy and Poddar, Lahari and Kan, Min-Yen},
   SORTNAME = {Halder, Kishaloy and Poddar, Lahari and Kan, Min-Yen},
   TITLE = {Modeling Temporal Progression of Emotional Status in Mental Health Forum: A Recurrent Neural Net Approach}}
@INPROCEEDINGS{wassa2017-070,
   AUTHOR = {Boltuzic, Filip and Šnajder, Jan},
   SORTNAME = {Boltuzic, Filip and Snajder, Jan},
   TITLE = {Toward Stance Classification Based on Claim Microstructures}}
@INPROCEEDINGS{wassa2017-025,
   AUTHOR = {Hartung, Matthias and Klinger, Roman and Schmidtke, Franziska and Vogel, Lars},
   SORTNAME = {Hartung, Matthias and Klinger, Roman and Schmidtke, Franziska and Vogel, Lars},
   TITLE = {Ranking Right-Wing Extremist Social Media Profiles by Similarity to Democratic and Extremist Groups}}
@INPROCEEDINGS{wassa2017-073,
   AUTHOR = {Wu, Jiaqi and Walker, Marilyn and Anand, Pranav and Whittaker, Steve},
   SORTNAME = {Wu, Jiaqi and Walker, Marilyn and Anand, Pranav and Whittaker, Steve},
   TITLE = {Linguistic Reflexes of Well-Being and Happiness in Echo}}
@INPROCEEDINGS{wassa2017-010,
   AUTHOR = {Vilares, David and Garcia, Marcos and Alonso, Miguel A. and Gómez-Rodríguez, Carlos},
   SORTNAME = {Vilares, David and Garcia, Marcos and Alonso, Miguel A. and Gomez-Rodriguez, Carlos},
   TITLE = {Towards Syntactic Iberian Polarity Classification}}
@INPROCEEDINGS{wassa2017-035,
   AUTHOR = {Pekar, Viktor and Binner, Jane},
   SORTNAME = {Pekar, Viktor and Binner, Jane},
   TITLE = {Forecasting Consumer Spending from Purchase Intentions Expressed on Social Media}}
@INPROCEEDINGS{wassa2017-027,
   AUTHOR = {Barnes, Jeremy and Klinger, Roman and Schulte im Walde, Sabine},
   SORTNAME = {Barnes, Jeremy and Klinger, Roman and Schulte im Walde, Sabine},
   TITLE = {Assessing State-of-the-Art Sentiment Models on State-of-the-Art Sentiment Datasets}}
@INPROCEEDINGS{wassa2017-065,
   AUTHOR = {Jiang, Song and Han, Xiaotian},
   SORTNAME = {Jiang, Song and Han, Xiaotian},
   TITLE = {DMGroup at EmoInt-2017: Emotion Intensity Using Ensemble Method}}
@INPROCEEDINGS{wassa2017-013,
   AUTHOR = {Marrese-Taylor, Edison and Balazs, Jorge and Matsuo, Yutaka},
   SORTNAME = {Marrese-Taylor, Edison and Balazs, Jorge and Matsuo, Yutaka},
   TITLE = {Mining fine-grained opinions on closed captions of YouTube videos with an attention-RNN}}
@INPROCEEDINGS{wassa2017-019,
   AUTHOR = {Padilla López, Rebeca and Cap, Fabienne},
   SORTNAME = {Padilla Lopez, Rebeca and Cap, Fabienne},
   TITLE = {Did you ever read about Frogs drinking Coffee? Investigating the Compositionality of Multi-Emoji Expressions}}
@INPROCEEDINGS{wassa2017-067,
   AUTHOR = {Mohammad, Saif and Bravo-Marquez, Felipe},
   SORTNAME = {Mohammad, Saif and Bravo-Marquez, Felipe},
   TITLE = {WASSA-2017 Shared Task on Emotion Intensity}}
