@INPROCEEDINGS{scnlp-008,
   AUTHOR = {Palm, Rasmus Berg and Hovy, Dirk and Laws, Florian and Winther, Ole},
   SORTNAME = {Palm, Rasmus Berg and Hovy, Dirk and Laws, Florian and Winther, Ole},
   TITLE = {End-to-End Information Extraction without Token-Level Supervision}}
@INPROCEEDINGS{scnlp-006,
   AUTHOR = {Loukina, Anastassia and Madnani, Nitin and Cahill, Aoife},
   SORTNAME = {Loukina, Anastassia and Madnani, Nitin and Cahill, Aoife},
   TITLE = {Speech- and Text-driven Features for Automated Scoring of English Speaking Tasks}}
@INPROCEEDINGS{scnlp-004,
   AUTHOR = {Roesiger, Ina and Stehwien, Sabrina and Riester, Arndt and Vu, Ngoc Thang},
   SORTNAME = {Roesiger, Ina and Stehwien, Sabrina and Riester, Arndt and Vu, Ngoc Thang},
   TITLE = {Improving coreference resolution with automatically predicted prosodic information}}
@INPROCEEDINGS{scnlp-009,
   AUTHOR = {Melese, Michael and Besacier, Laurent and Meshesha, Million},
   SORTNAME = {Melese, Michael and Besacier, Laurent and Meshesha, Million},
   TITLE = {Amharic-English Speech Translation in Tourism Domain}}
@INPROCEEDINGS{scnlp-012,
   AUTHOR = {Stiefel, Moritz and Vu, Ngoc Thang},
   SORTNAME = {Stiefel, Moritz and Vu, Ngoc Thang},
   TITLE = {Enriching ASR Lattices with POS Tags for Dependency Parsing}}
@INPROCEEDINGS{scnlp-007,
   AUTHOR = {Caines, Andrew and McCarthy, Michael and Buttery, Paula},
   SORTNAME = {Caines, Andrew and McCarthy, Michael and Buttery, Paula},
   TITLE = {Parsing transcripts of speech}}
@INPROCEEDINGS{scnlp-003,
   AUTHOR = {Jagfeld, Glorianna and Vu, Ngoc Thang},
   SORTNAME = {Jagfeld, Glorianna and Vu, Ngoc Thang},
   TITLE = {Encoding Word Confusion Networks with Recurrent Neural Networks for Dialog State Tracking}}
@INPROCEEDINGS{scnlp-010,
   AUTHOR = {Anastasopoulos, Antonios and Bansal, Sameer and Chiang, David and Goldwater, Sharon and Lopez, Adam},
   SORTNAME = {Anastasopoulos, Antonios and Bansal, Sameer and Chiang, David and Goldwater, Sharon and Lopez, Adam},
   TITLE = {Spoken Term Discovery for Language Documentation using Translations}}
@INPROCEEDINGS{scnlp-011,
   AUTHOR = {Ghaly, Hussein and Mandel, Michael},
   SORTNAME = {Ghaly, Hussein and Mandel, Michael},
   TITLE = {Analyzing Human and Machine Performance In Resolving Ambiguous Spoken Sentences}}
@INPROCEEDINGS{scnlp-005,
   AUTHOR = {Chowdhury, Shammur Absar and Stepanov, Evgeny and Danieli, Morena and Riccardi, Giuseppe},
   SORTNAME = {Chowdhury, Shammur Absar and Stepanov, Evgeny and Danieli, Morena and Riccardi, Giuseppe},
   TITLE = {Functions of Silences towards Information Flow in Spoken Conversation}}
