@INPROCEEDINGS{NewSum-015,
   AUTHOR = {Peyrard, Maxime and Botschen, Teresa and Gurevych, Iryna},
   SORTNAME = {Peyrard, Maxime and Botschen, Teresa and Gurevych, Iryna},
   TITLE = {Learning to Score System Summaries for Better Content Selection Evaluation.}}
@INPROCEEDINGS{NewSum-006,
   AUTHOR = {Hoque, Enamul and Carenini, Giuseppe},
   SORTNAME = {Hoque, Enamul and Carenini, Giuseppe},
   TITLE = {Multimedia Summary Generation from Online Conversations: Current Approaches and Future Directions}}
@INPROCEEDINGS{NewSum-018,
   AUTHOR = {Gholipour Ghalandari, Demian},
   SORTNAME = {Gholipour Ghalandari, Demian},
   TITLE = {Revisiting the Centroid-based Method: A Strong Baseline for Multi-Document Summarization}}
@INPROCEEDINGS{NewSum-026,
   AUTHOR = {Hua, Xinyu and Wang, Lu},
   SORTNAME = {Hua, Xinyu and Wang, Lu},
   TITLE = {A Pilot Study of Domain Adaptation Effect for Neural Abstractive Summarization}}
@INPROCEEDINGS{NewSum-024,
   AUTHOR = {Pasunuru, Ramakanth and Guo, Han and Bansal, Mohit},
   SORTNAME = {Pasunuru, Ramakanth and Guo, Han and Bansal, Mohit},
   TITLE = {Towards Improving Abstractive Summarization via Entailment Generation}}
@INPROCEEDINGS{NewSum-004,
   AUTHOR = {Singla, Karan and Stepanov, Evgeny and Bayer, Ali Orkan and Carenini, Giuseppe and Riccardi, Giuseppe},
   SORTNAME = {Singla, Karan and Stepanov, Evgeny and Bayer, Ali Orkan and Carenini, Giuseppe and Riccardi, Giuseppe},
   TITLE = {Automatic Community Creation for Abstractive Spoken Conversations Summarization}}
@INPROCEEDINGS{NewSum-012,
   AUTHOR = {Völske, Michael and Potthast, Martin and Syed, Shahbaz and Stein, Benno},
   SORTNAME = {Volske, Michael and Potthast, Martin and Syed, Shahbaz and Stein, Benno},
   TITLE = {TL;DR: Mining Reddit to Learn Automatic Summarization}}
@INPROCEEDINGS{NewSum-014,
   AUTHOR = {Miller, John and McCoy, Kathleen},
   SORTNAME = {Miller, John and McCoy, Kathleen},
   TITLE = {Topic Model Stability for Hierarchical Summarization}}
@INPROCEEDINGS{NewSum-025,
   AUTHOR = {Li, Piji and Bing, Lidong and Lam, Wai},
   SORTNAME = {Li, Piji and Bing, Lidong and Lam, Wai},
   TITLE = {Reader-Aware Multi-Document Summarization: An Enhanced Model and The First Dataset}}
@INPROCEEDINGS{NewSum-003,
   AUTHOR = {Ling, Jeffrey and Rush, Alexander},
   SORTNAME = {Ling, Jeffrey and Rush, Alexander},
   TITLE = {Coarse-to-Fine Attention Models for Document Summarization}}
@INPROCEEDINGS{NewSum-011,
   AUTHOR = {Tixier, Antoine and Meladianos, Polykarpos and Vazirgiannis, Michalis},
   SORTNAME = {Tixier, Antoine and Meladianos, Polykarpos and Vazirgiannis, Michalis},
   TITLE = {Combining Graph Degeneracy and Submodularity for Unsupervised Extractive Summarization}}
@INPROCEEDINGS{NewSum-013,
   AUTHOR = {Tilk, Ottokar and Alumäe, Tanel},
   SORTNAME = {Tilk, Ottokar and Alumae, Tanel},
   TITLE = {Low-Resource Neural Headline Generation}}
@INPROCEEDINGS{NewSum-002,
   AUTHOR = {Ping, Qing and Chen, Chaomei},
   SORTNAME = {Ping, Qing and Chen, Chaomei},
   TITLE = {Video Highlights Detection and Summarization with Lag-Calibration based on Concept-Emotion Mapping of Crowdsourced Time-Sync Comments}}
