@INPROCEEDINGS{papers-623,
   AUTHOR = {Poddar, Lahari and Hsu, Wynne and Lee, Mong Li},
   SORTNAME = {Poddar, Lahari and Hsu, Wynne and Lee, Mong Li},
   TITLE = {Author-aware Aspect Topic Sentiment Model to Retrieve Supporting Opinions from Reviews}}
@INPROCEEDINGS{papers-852,
   AUTHOR = {Gangal, Varun and Jhamtani, Harsh and Neubig, Graham and Hovy, Eduard and Nyberg, Eric},
   SORTNAME = {Gangal, Varun and Jhamtani, Harsh and Neubig, Graham and Hovy, Eduard and Nyberg, Eric},
   TITLE = {Charmanteau: Character Embedding Models For Portmanteau Creation}}
@INPROCEEDINGS{papers-934,
   AUTHOR = {Dusmanu, Mihai and Cabrio, Elena and Villata, Serena},
   SORTNAME = {Dusmanu, Mihai and Cabrio, Elena and Villata, Serena},
   TITLE = {Argument Mining on Twitter: Arguments, Facts and Sources}}
@INPROCEEDINGS{papers-1464,
   AUTHOR = {Stanojević, Miloš and Garrido Alhama, Raquel},
   SORTNAME = {Stanojevic, Milos and Garrido Alhama, Raquel},
   TITLE = {Neural Discontinuous Constituency Parsing}}
@INPROCEEDINGS{papers-1042,
   AUTHOR = {Lan, Wuwei and Qiu, Siyu and He, Hua and Xu, Wei},
   SORTNAME = {Lan, Wuwei and Qiu, Siyu and He, Hua and Xu, Wei},
   TITLE = {A Continuously Growing Dataset of Sentential Paraphrases}}
@INPROCEEDINGS{papers-644,
   AUTHOR = {Gella, Spandana and Sennrich, Rico and Keller, Frank and Lapata, Mirella},
   SORTNAME = {Gella, Spandana and Sennrich, Rico and Keller, Frank and Lapata, Mirella},
   TITLE = {Image Pivoting for Learning Multilingual Multimodal Representations}}
@INPROCEEDINGS{papers-286,
   AUTHOR = {Liu, Haijing and Gao, Yang and Lv, Pin and Li, Mengxue and Geng, Shiqiang and Li, Minglan and Wang, Hao},
   SORTNAME = {Liu, Haijing and Gao, Yang and Lv, Pin and Li, Mengxue and Geng, Shiqiang and Li, Minglan and Wang, Hao},
   TITLE = {Using Argument-based Features to Predict and Analyse Review Helpfulness}}
@INPROCEEDINGS{papers-566,
   AUTHOR = {Raganato, Alessandro and Delli Bovi, Claudio and Navigli, Roberto},
   SORTNAME = {Raganato, Alessandro and Delli Bovi, Claudio and Navigli, Roberto},
   TITLE = {Neural Sequence Learning Models for Word Sense Disambiguation}}
@INPROCEEDINGS{papers-714,
   AUTHOR = {Ding, Tao and Bickel, Warren K. and Pan, Shimei},
   SORTNAME = {Ding, Tao and Bickel, Warren K. and Pan, Shimei},
   TITLE = {Multi-View Unsupervised User Feature Embedding for Social Media-based Substance Use Prediction}}
@INPROCEEDINGS{papers-457,
   AUTHOR = {Yannakoudakis, Helen and Rei, Marek and Andersen, Øistein E. and Yuan, Zheng},
   SORTNAME = {Yannakoudakis, Helen and Rei, Marek and Andersen, Øistein E. and Yuan, Zheng},
   TITLE = {Neural Sequence-Labelling Models for Grammatical Error Correction}}
@INPROCEEDINGS{papers-1363,
   AUTHOR = {Wiseman, Sam and Shieber, Stuart and Rush, Alexander},
   SORTNAME = {Wiseman, Sam and Shieber, Stuart and Rush, Alexander},
   TITLE = {Challenges in Data-to-Document Generation}}
@INPROCEEDINGS{papers-480,
   AUTHOR = {Rahimi, Afshin and Baldwin, Timothy and Cohn, Trevor},
   SORTNAME = {Rahimi, Afshin and Baldwin, Timothy and Cohn, Trevor},
   TITLE = {Continuous Representation of Location for Geolocation and Lexical Dialectology using Mixture Density Networks}}
@INPROCEEDINGS{papers-206,
   AUTHOR = {Du, Xinya and Cardie, Claire},
   SORTNAME = {Du, Xinya and Cardie, Claire},
   TITLE = {Identifying Where to Focus in Reading Comprehension for Neural Question Generation}}
@INPROCEEDINGS{papers-193,
   AUTHOR = {Zhao, Zhe and Liu, Tao and Li, Shen and Li, Bofang and Du, Xiaoyong},
   SORTNAME = {Zhao, Zhe and Liu, Tao and Li, Shen and Li, Bofang and Du, Xiaoyong},
   TITLE = {Ngram2vec: Learning Improved Word Representations from Ngram Co-occurrence Statistics}}
@INPROCEEDINGS{papers-1044,
   AUTHOR = {Ganea, Octavian-Eugen and Hofmann, Thomas},
   SORTNAME = {Ganea, Octavian-Eugen and Hofmann, Thomas},
   TITLE = {Deep Joint Entity Disambiguation with Local Neural Attention}}
@INPROCEEDINGS{papers-301,
   AUTHOR = {Fraser, Kathleen C. and Lundholm Fors, Kristina and Kokkinakis, Dimitrios and Nordlund, Arto},
   SORTNAME = {Fraser, Kathleen C. and Lundholm Fors, Kristina and Kokkinakis, Dimitrios and Nordlund, Arto},
   TITLE = {An analysis of eye-movements during reading for the detection of mild cognitive impairment}}
@INPROCEEDINGS{papers-196,
   AUTHOR = {Menini, Stefano and Nanni, Federico and Ponzetto, Simone Paolo and Tonelli, Sara},
   SORTNAME = {Menini, Stefano and Nanni, Federico and Ponzetto, Simone Paolo and Tonelli, Sara},
   TITLE = {Topic-Based Agreement and Disagreement in US Electoral Manifestos}}
@INPROCEEDINGS{papers-1321,
   AUTHOR = {Liu, Liyuan and Ren, Xiang and Zhu, Qi and Zhi, Shi and Gui, Huan and Ji, Heng and Han, Jiawei},
   SORTNAME = {Liu, Liyuan and Ren, Xiang and Zhu, Qi and Zhi, Shi and Gui, Huan and Ji, Heng and Han, Jiawei},
   TITLE = {Heterogeneous Supervision for Relation Extraction: A Representation Learning Approach}}
@INPROCEEDINGS{papers-188,
   AUTHOR = {Nguyen, Kim Anh and Köper, Maximilian and Schulte im Walde, Sabine and Vu, Ngoc Thang},
   SORTNAME = {Nguyen, Kim Anh and Koper, Maximilian and Schulte im Walde, Sabine and Vu, Ngoc Thang},
   TITLE = {Hierarchical Embeddings for Hypernymy Detection and Directionality}}
@INPROCEEDINGS{papers-1118,
   AUTHOR = {Morales, Alex and Zhai, Chengxiang},
   SORTNAME = {Morales, Alex and Zhai, Chengxiang},
   TITLE = {Identifying Humor in Reviews using Background Text Sources}}
@INPROCEEDINGS{papers-1195,
   AUTHOR = {Pinter, Yuval and Guthrie, Robert and Eisenstein, Jacob},
   SORTNAME = {Pinter, Yuval and Guthrie, Robert and Eisenstein, Jacob},
   TITLE = {Mimicking Word Embeddings using Subword RNNs}}
@INPROCEEDINGS{papers-1436,
   AUTHOR = {Sharma, Raksha and Somani, Arpan and Kumar, Lakshya and Bhattacharyya, Pushpak},
   SORTNAME = {Sharma, Raksha and Somani, Arpan and Kumar, Lakshya and Bhattacharyya, Pushpak},
   TITLE = {Sentiment Intensity Ranking among Adjectives Using Sentiment Bearing Word Embeddings}}
@INPROCEEDINGS{papers-982,
   AUTHOR = {Zhang, Yuchen and Pasupat, Panupong and Liang, Percy},
   SORTNAME = {Zhang, Yuchen and Pasupat, Panupong and Liang, Percy},
   TITLE = {Macro Grammars and Holistic Triggering for Efficient Semantic Parsing}}
@INPROCEEDINGS{papers-884,
   AUTHOR = {Sanu, Joseph and Xu, Mingbin and Jiang, Hui and Liu, Quan},
   SORTNAME = {Sanu, Joseph and Xu, Mingbin and Jiang, Hui and Liu, Quan},
   TITLE = {Word Embeddings based on Fixed-Size Ordinally Forgetting Encoding}}
@INPROCEEDINGS{papers-399,
   AUTHOR = {Assylbekov, Zhenisbek and Takhanov, Rustem and Myrzakhmetov, Bagdat and Washington, Jonathan N.},
   SORTNAME = {Assylbekov, Zhenisbek and Takhanov, Rustem and Myrzakhmetov, Bagdat and Washington, Jonathan N.},
   TITLE = {Syllable-aware Neural Language Models: A Failure to Beat Character-aware Ones}}
@INPROCEEDINGS{papers-1047,
   AUTHOR = {Xiong, Wenhan and Hoang, Thien and Wang, William Yang},
   SORTNAME = {Xiong, Wenhan and Hoang, Thien and Wang, William Yang},
   TITLE = {DeepPath: A Reinforcement Learning Method for Knowledge Graph Reasoning}}
@INPROCEEDINGS{papers-1327,
   AUTHOR = {Sap, Maarten and Prasettio, Marcella Cindy and Holtzman, Ari and Rashkin, Hannah and Choi, Yejin},
   SORTNAME = {Sap, Maarten and Prasettio, Marcella Cindy and Holtzman, Ari and Rashkin, Hannah and Choi, Yejin},
   TITLE = {Connotation Frames of Power and Agency in Modern Films}}
@INPROCEEDINGS{papers-635,
   AUTHOR = {Lin, Hongyu and Sun, Le and Han, Xianpei},
   SORTNAME = {Lin, Hongyu and Sun, Le and Han, Xianpei},
   TITLE = {Reasoning with Heterogeneous Knowledge for Commonsense Machine Comprehension}}
@INPROCEEDINGS{papers-1459,
   AUTHOR = {Zellers, Rowan and Choi, Yejin},
   SORTNAME = {Zellers, Rowan and Choi, Yejin},
   TITLE = {Zero-Shot Activity Recognition with Verb Attribute Induction}}
@INPROCEEDINGS{papers-1288,
   AUTHOR = {Jia, Robin and Liang, Percy},
   SORTNAME = {Jia, Robin and Liang, Percy},
   TITLE = {Adversarial Examples for Evaluating Reading Comprehension Systems}}
@INPROCEEDINGS{papers-1495,
   AUTHOR = {Zhao, Kai and Huang, Liang},
   SORTNAME = {Zhao, Kai and Huang, Liang},
   TITLE = {Joint Syntacto-Discourse Parsing and the Syntacto-Discourse Treebank}}
@INPROCEEDINGS{papers-948,
   AUTHOR = {Yang, Min and Mei, Jincheng and Ji, Heng and wei, zhao and Zhao, Zhou and Chen, Xiaojun},
   SORTNAME = {Yang, Min and Mei, Jincheng and Ji, Heng and wei, zhao and Zhao, Zhou and Chen, Xiaojun},
   TITLE = {Identifying and Tracking Sentiments and Topics from Social Media Texts during Natural Disasters}}
@INPROCEEDINGS{papers-380,
   AUTHOR = {Daxenberger, Johannes and Eger, Steffen and Habernal, Ivan and Stab, Christian and Gurevych, Iryna},
   SORTNAME = {Daxenberger, Johannes and Eger, Steffen and Habernal, Ivan and Stab, Christian and Gurevych, Iryna},
   TITLE = {What is the Essence of a Claim? Cross-Domain Claim Identification}}
@INPROCEEDINGS{papers-170,
   AUTHOR = {Wu, Yi and Bamman, David and Russell, Stuart},
   SORTNAME = {Wu, Yi and Bamman, David and Russell, Stuart},
   TITLE = {Adversarial Training for Relation Extraction}}
@INPROCEEDINGS{papers-1087,
   AUTHOR = {Yang, Bishan and Mitchell, Tom},
   SORTNAME = {Yang, Bishan and Mitchell, Tom},
   TITLE = {A Joint Sequential and Relational Model for Frame-Semantic Parsing}}
@INPROCEEDINGS{papers-1443,
   AUTHOR = {Cattle, Andrew and Ma, Xiaojuan},
   SORTNAME = {Cattle, Andrew and Ma, Xiaojuan},
   TITLE = {Predicting Word Association Strengths}}
@INPROCEEDINGS{papers-826,
   AUTHOR = {Liu, Tianyu and Wang, Kexiang and Chang, Baobao and Sui, Zhifang},
   SORTNAME = {Liu, Tianyu and Wang, Kexiang and Chang, Baobao and Sui, Zhifang},
   TITLE = {A Soft-label Method for Noise-tolerant Distantly Supervised Relation Extraction}}
@INPROCEEDINGS{papers-1176,
   AUTHOR = {Peng, Baolin and Li, Xiujun and Li, Lihong and Gao, Jianfeng and Celikyilmaz, Asli and Lee, Sungjin and Wong, Kam-Fai},
   SORTNAME = {Peng, Baolin and Li, Xiujun and Li, Lihong and Gao, Jianfeng and Celikyilmaz, Asli and Lee, Sungjin and Wong, Kam-Fai},
   TITLE = {Composite Task-Completion Dialogue Policy Learning via Hierarchical Deep Reinforcement Learning}}
@INPROCEEDINGS{papers-308,
   AUTHOR = {Zhang, Meishan and Zhang, Yue and Fu, Guohong},
   SORTNAME = {Zhang, Meishan and Zhang, Yue and Fu, Guohong},
   TITLE = {End-to-End Neural Relation Extraction with Global Optimization}}
@INPROCEEDINGS{papers-1134,
   AUTHOR = {Zhao, Jie and Su, Yu and Guan, Ziyu and Sun, Huan},
   SORTNAME = {Zhao, Jie and Su, Yu and Guan, Ziyu and Sun, Huan},
   TITLE = {An End-to-End Deep Framework for Answer Triggering with a Novel Group-Level Objective}}
@INPROCEEDINGS{papers-1035,
   AUTHOR = {Hossain, Nabil and Krumm, John and Vanderwende, Lucy and Horvitz, Eric and Kautz, Henry},
   SORTNAME = {Hossain, Nabil and Krumm, John and Vanderwende, Lucy and Horvitz, Eric and Kautz, Henry},
   TITLE = {Filling the Blanks (hint: plural noun) for Mad Libs Humor}}
@INPROCEEDINGS{papers-938,
   AUTHOR = {Yang, Zichao and Blunsom, Phil and Dyer, Chris and Ling, Wang},
   SORTNAME = {Yang, Zichao and Blunsom, Phil and Dyer, Chris and Ling, Wang},
   TITLE = {Reference-Aware Language Models}}
@INPROCEEDINGS{papers-1165,
   AUTHOR = {Zhang, Justine and Spirling, Arthur and Danescu-Niculescu-Mizil, Cristian},
   SORTNAME = {Zhang, Justine and Spirling, Arthur and Danescu-Niculescu-Mizil, Cristian},
   TITLE = {Asking too much? The rhetorical role of questions in political discourse}}
@INPROCEEDINGS{papers-1381,
   AUTHOR = {Shi, Tianze and Huang, Liang and Lee, Lillian},
   SORTNAME = {Shi, Tianze and Huang, Liang and Lee, Lillian},
   TITLE = {Fast(er) Exact Decoding and Global Training for Transition-Based Dependency Parsing via a Minimal Feature Set}}
@INPROCEEDINGS{papers-617,
   AUTHOR = {Arase, Yuki and Tsujii, Jun'ichi},
   SORTNAME = {Arase, Yuki and Tsujii, Jun'ichi},
   TITLE = {Monolingual Phrase Alignment on Parse Forests}}
@INPROCEEDINGS{papers-634,
   AUTHOR = {Tang, Siliang and Zhang, Ning and Zhang, Jinjiang and Wu, Fei and Zhuang, Yueting},
   SORTNAME = {Tang, Siliang and Zhang, Ning and Zhang, Jinjiang and Wu, Fei and Zhuang, Yueting},
   TITLE = {NITE: A Neural Inductive Teaching Framework for Domain Specific NER}}
@INPROCEEDINGS{papers-1310,
   AUTHOR = {Peng, Haoruo and Chang, Ming-Wei and Yih, Wen-tau},
   SORTNAME = {Peng, Haoruo and Chang, Ming-Wei and Yih, Wen-tau},
   TITLE = {Maximum Margin Reward Networks for Learning from Explicit and Implicit Supervision}}
@INPROCEEDINGS{papers-550,
   AUTHOR = {Li, Piji and Lam, Wai and Bing, Lidong and Wang, Zihao},
   SORTNAME = {Li, Piji and Lam, Wai and Bing, Lidong and Wang, Zihao},
   TITLE = {Deep Recurrent Generative Decoder for Abstractive Text Summarization}}
@INPROCEEDINGS{papers-1356,
   AUTHOR = {Gupta, Nitish and Singh, Sameer and Roth, Dan},
   SORTNAME = {Gupta, Nitish and Singh, Sameer and Roth, Dan},
   TITLE = {Entity Linking via Joint Encoding of Types, Descriptions, and Context}}
@INPROCEEDINGS{papers-194,
   AUTHOR = {Ma, Qingsong and Graham, Yvette and Baldwin, Timothy and Liu, Qun},
   SORTNAME = {Ma, Qingsong and Graham, Yvette and Baldwin, Timothy and Liu, Qun},
   TITLE = {Further Investigation into Reference Bias in Monolingual Evaluation of Machine Translation}}
@INPROCEEDINGS{papers-956,
   AUTHOR = {Eshghi, Arash and Shalyminov, Igor and Lemon, Oliver},
   SORTNAME = {Eshghi, Arash and Shalyminov, Igor and Lemon, Oliver},
   TITLE = {Bootstrapping incremental dialogue systems from minimal data: the generalisation power of dialogue grammars}}
@INPROCEEDINGS{papers-994,
   AUTHOR = {Hashimoto, Kazuma and Tsuruoka, Yoshimasa},
   SORTNAME = {Hashimoto, Kazuma and Tsuruoka, Yoshimasa},
   TITLE = {Neural Machine Translation with Source-Side Latent Graph Parsing}}
@INPROCEEDINGS{papers-811,
   AUTHOR = {Liu, Pengfei and Qian, Kaiyu and Qiu, Xipeng and Huang, Xuanjing},
   SORTNAME = {Liu, Pengfei and Qian, Kaiyu and Qiu, Xipeng and Huang, Xuanjing},
   TITLE = {Idiom-Aware Compositional Distributed Semantics}}
@INPROCEEDINGS{papers-747,
   AUTHOR = {Mysore Sathyendra, Kanthashree and Wilson, Shomir and Schaub, Florian and Zimmeck, Sebastian and Sadeh, Norman},
   SORTNAME = {Mysore Sathyendra, Kanthashree and Wilson, Shomir and Schaub, Florian and Zimmeck, Sebastian and Sadeh, Norman},
   TITLE = {Identifying the Provision of Choices in Privacy Policy Text}}
@INPROCEEDINGS{papers-1132,
   AUTHOR = {Isonuma, Masaru and Fujino, Toru and Mori, Junichiro and Matsuo, Yutaka and Sakata, Ichiro},
   SORTNAME = {Isonuma, Masaru and Fujino, Toru and Mori, Junichiro and Matsuo, Yutaka and Sakata, Ichiro},
   TITLE = {Extractive Summarization Using Multi-Task Learning with Document Classification}}
@INPROCEEDINGS{papers-142,
   AUTHOR = {Huang, Lifu and Sil, Avirup and Ji, Heng and Florian, Radu},
   SORTNAME = {Huang, Lifu and Sil, Avirup and Ji, Heng and Florian, Radu},
   TITLE = {Improving Slot Filling Performance with Attentive Neural Networks on Dependency Structures}}
@INPROCEEDINGS{papers-1416,
   AUTHOR = {Akhtar, Md Shad and Kumar, Abhishek and Ghosal, Deepanway and Ekbal, Asif and Bhattacharyya, Pushpak},
   SORTNAME = {Akhtar, Md Shad and Kumar, Abhishek and Ghosal, Deepanway and Ekbal, Asif and Bhattacharyya, Pushpak},
   TITLE = {A Multilayer Perceptron based Ensemble Technique for Fine-grained Financial Sentiment Analysis}}
@INPROCEEDINGS{papers-391,
   AUTHOR = {Lynn, Veronica and Son, Youngseo and Kulkarni, Vivek and Balasubramanian, Niranjan and Schwartz, H. Andrew},
   SORTNAME = {Lynn, Veronica and Son, Youngseo and Kulkarni, Vivek and Balasubramanian, Niranjan and Schwartz, H. Andrew},
   TITLE = {Human Centered NLP with User-Factor Adaptation}}
@INPROCEEDINGS{papers-720,
   AUTHOR = {Zheng, Xiaoqing},
   SORTNAME = {Zheng, Xiaoqing},
   TITLE = {Incremental Graph-based Neural Dependency Parsing}}
@INPROCEEDINGS{papers-1399,
   AUTHOR = {Xu, Kui and Wan, Xiaojun},
   SORTNAME = {Xu, Kui and Wan, Xiaojun},
   TITLE = {Towards a Universal Sentiment Classifier in Multiple languages}}
@INPROCEEDINGS{papers-1184,
   AUTHOR = {Kang, Dongyeop and Gangal, Varun and Lu, Ang and Chen, Zheng and Hovy, Eduard},
   SORTNAME = {Kang, Dongyeop and Gangal, Varun and Lu, Ang and Chen, Zheng and Hovy, Eduard},
   TITLE = {Detecting and Explaining Causes From Text For a Time Series Event}}
@INPROCEEDINGS{papers-1297,
   AUTHOR = {Gu, Jiatao and Cho, Kyunghyun and Li, Victor O.K.},
   SORTNAME = {Gu, Jiatao and Cho, Kyunghyun and Li, Victor O.K.},
   TITLE = {Trainable Greedy Decoding for Neural Machine Translation}}
@INPROCEEDINGS{papers-1324,
   AUTHOR = {Sharma, Aditya and Parekh, Zarana and Talukdar, Partha},
   SORTNAME = {Sharma, Aditya and Parekh, Zarana and Talukdar, Partha},
   TITLE = {Speeding up Reinforcement Learning-based Information Extraction Training using Asynchronous Methods}}
@INPROCEEDINGS{papers-1372,
   AUTHOR = {Potash, Peter and Rumshisky, Anna},
   SORTNAME = {Potash, Peter and Rumshisky, Anna},
   TITLE = {Towards Debate Automation: a Recurrent Model for Predicting Debate Winners}}
@INPROCEEDINGS{papers-686,
   AUTHOR = {Kutuzov, Andrey and Velldal, Erik and Øvrelid, Lilja},
   SORTNAME = {Kutuzov, Andrey and Velldal, Erik and Øvrelid, Lilja},
   TITLE = {Temporal dynamics of semantic relations in word embeddings: an application to predicting armed conflict participants}}
@INPROCEEDINGS{papers-1397,
   AUTHOR = {Tran, Quan Hung and Zukerman, Ingrid and Haffari, Gholamreza},
   SORTNAME = {Tran, Quan Hung and Zukerman, Ingrid and Haffari, Gholamreza},
   TITLE = {Preserving Distributional Information in Dialogue Act Classification}}
@INPROCEEDINGS{papers-215,
   AUTHOR = {Chen, Peng and Sun, Zhongqian and Bing, Lidong and Yang, Wei},
   SORTNAME = {Chen, Peng and Sun, Zhongqian and Bing, Lidong and Yang, Wei},
   TITLE = {Recurrent Attention Network on Memory for Aspect Sentiment Analysis}}
@INPROCEEDINGS{papers-600,
   AUTHOR = {Wang, Shaonan and Zhang, Jiajun and Zong, Chengqing},
   SORTNAME = {Wang, Shaonan and Zhang, Jiajun and Zong, Chengqing},
   TITLE = {Exploiting Word Internal Structures for Generic Chinese Sentence Representation}}
@INPROCEEDINGS{papers-869,
   AUTHOR = {Keith, Katherine and Handler, Abram and Pinkham, Michael and Magliozzi, Cara and McDuffie, Joshua and O'Connor, Brendan},
   SORTNAME = {Keith, Katherine and Handler, Abram and Pinkham, Michael and Magliozzi, Cara and McDuffie, Joshua and O'Connor, Brendan},
   TITLE = {Identifying civilians killed by police with distantly supervised entity-event extraction}}
@INPROCEEDINGS{papers-1296,
   AUTHOR = {Pasunuru, Ramakanth and Bansal, Mohit},
   SORTNAME = {Pasunuru, Ramakanth and Bansal, Mohit},
   TITLE = {Reinforced Video Captioning with Entailment Rewards}}
@INPROCEEDINGS{papers-591,
   AUTHOR = {Semeniuta, Stanislau and Severyn, Aliaksei and Barth, Erhardt},
   SORTNAME = {Semeniuta, Stanislau and Severyn, Aliaksei and Barth, Erhardt},
   TITLE = {A Hybrid Convolutional Variational Autoencoder for Text Generation}}
@INPROCEEDINGS{papers-282,
   AUTHOR = {Luo, Bingfeng and Feng, Yansong and Xu, Jianbo and Zhang, Xiang and Zhao, Dongyan},
   SORTNAME = {Luo, Bingfeng and Feng, Yansong and Xu, Jianbo and Zhang, Xiang and Zhao, Dongyan},
   TITLE = {Learning to Predict Charges for Criminal Cases with Legal Basis}}
@INPROCEEDINGS{papers-1380,
   AUTHOR = {Wang, Di and Jojic, Nebojsa and Brockett, Chris and Nyberg, Eric},
   SORTNAME = {Wang, Di and Jojic, Nebojsa and Brockett, Chris and Nyberg, Eric},
   TITLE = {Steering Output Style and Topic in Neural Response Generation}}
@INPROCEEDINGS{papers-077,
   AUTHOR = {Friedrich, Annemarie and Gateva, Damyana},
   SORTNAME = {Friedrich, Annemarie and Gateva, Damyana},
   TITLE = {Classification of telicity using cross-linguistic annotation projection}}
@INPROCEEDINGS{papers-1501,
   AUTHOR = {Cao, Junjie and Huang, Sheng and Sun, Weiwei and Wan, Xiaojun},
   SORTNAME = {Cao, Junjie and Huang, Sheng and Sun, Weiwei and Wan, Xiaojun},
   TITLE = {Quasi-Second-Order Parsing for 1-Endpoint-Crossing, Pagenumber-2 Graphs}}
@INPROCEEDINGS{papers-1377,
   AUTHOR = {Kasai, Jungo and Frank, Bob and McCoy, Tom and Rambow, Owen and Nasr, Alexis},
   SORTNAME = {Kasai, Jungo and Frank, Bob and McCoy, Tom and Rambow, Owen and Nasr, Alexis},
   TITLE = {TAG Parsing with Neural Networks and Vector Representations of Supertags}}
@INPROCEEDINGS{papers-341,
   AUTHOR = {Falke, Tobias and Gurevych, Iryna},
   SORTNAME = {Falke, Tobias and Gurevych, Iryna},
   TITLE = {Bringing Structure into Summaries: Crowdsourcing a Benchmark Corpus of Concept Maps}}
@INPROCEEDINGS{papers-277,
   AUTHOR = {Feng, Yang and Zhang, Shiyue and Zhang, Andi and Wang, Dong and Abel, Andrew},
   SORTNAME = {Feng, Yang and Zhang, Shiyue and Zhang, Andi and Wang, Dong and Abel, Andrew},
   TITLE = {Memory-augmented Neural Machine Translation}}
@INPROCEEDINGS{papers-434,
   AUTHOR = {Nogueira, Rodrigo and Cho, Kyunghyun},
   SORTNAME = {Nogueira, Rodrigo and Cho, Kyunghyun},
   TITLE = {Task-Oriented Query Reformulation with Reinforcement Learning}}
@INPROCEEDINGS{papers-959,
   AUTHOR = {Bulat, Luana and Clark, Stephen and Shutova, Ekaterina},
   SORTNAME = {Bulat, Luana and Clark, Stephen and Shutova, Ekaterina},
   TITLE = {Speaking, Seeing, Understanding: Correlating semantic models with conceptual representation in the brain}}
@INPROCEEDINGS{papers-1211,
   AUTHOR = {Park, Sungjoon and Bak, JinYeong and Oh, Alice},
   SORTNAME = {Park, Sungjoon and Bak, JinYeong and Oh, Alice},
   TITLE = {Rotated Word Vector Representations and their Interpretability}}
@INPROCEEDINGS{papers-247,
   AUTHOR = {Jiang, Zhuoxuan and Feng, Shanshan and Cong, Gao and Miao, Chunyan and Li, Xiaoming},
   SORTNAME = {Jiang, Zhuoxuan and Feng, Shanshan and Cong, Gao and Miao, Chunyan and Li, Xiaoming},
   TITLE = {A Novel Cascade Model for Learning Latent Similarity from Heterogeneous Sequential Data of MOOC}}
@INPROCEEDINGS{papers-633,
   AUTHOR = {Yates, Andrew and Cohan, Arman and Goharian, Nazli},
   SORTNAME = {Yates, Andrew and Cohan, Arman and Goharian, Nazli},
   TITLE = {Depression and Self-Harm Risk Assessment in Online Forums}}
@INPROCEEDINGS{papers-744,
   AUTHOR = {Chang, Yin-Wen and Collins, Michael},
   SORTNAME = {Chang, Yin-Wen and Collins, Michael},
   TITLE = {Source-Side Left-to-Right or Target-Side Left-to-Right? An Empirical Comparison of Two Phrase-Based Decoding Algorithms}}
@INPROCEEDINGS{papers-1333,
   AUTHOR = {Zeng, Wenyuan and Lin, Yankai and Liu, Zhiyuan and Sun, Maosong},
   SORTNAME = {Zeng, Wenyuan and Lin, Yankai and Liu, Zhiyuan and Sun, Maosong},
   TITLE = {Incorporating Relation Paths in Neural Relation Extraction}}
@INPROCEEDINGS{papers-467,
   AUTHOR = {Hewlett, Daniel and Jones, Llion and Lacoste, Alexandre and gur, izzeddin},
   SORTNAME = {Hewlett, Daniel and Jones, Llion and Lacoste, Alexandre and gur, izzeddin},
   TITLE = {Accurate Supervised and Semi-Supervised Machine Reading for Long Documents}}
@INPROCEEDINGS{papers-1082,
   AUTHOR = {Wang, Zhongqing and Zhang, Yue and Chang, Ching-Yun},
   SORTNAME = {Wang, Zhongqing and Zhang, Yue and Chang, Ching-Yun},
   TITLE = {Integrating Order Information and Event Relation for Script Event Prediction}}
@INPROCEEDINGS{papers-476,
   AUTHOR = {Xu, Hainan and Koehn, Philipp},
   SORTNAME = {Xu, Hainan and Koehn, Philipp},
   TITLE = {Zipporah: a Fast and Scalable Data Cleaning System for Noisy Web-Crawled Parallel Corpora}}
@INPROCEEDINGS{papers-049,
   AUTHOR = {Eisenberg, Joshua and Finlayson, Mark},
   SORTNAME = {Eisenberg, Joshua and Finlayson, Mark},
   TITLE = {A Simpler and More Generalizable Story Detector using Verb and Character Features}}
@INPROCEEDINGS{papers-120,
   AUTHOR = {Wang, Chengyu and He, Xiaofeng and Zhou, Aoying},
   SORTNAME = {Wang, Chengyu and He, Xiaofeng and Zhou, Aoying},
   TITLE = {A Short Survey on Taxonomy Learning from Text Corpora: Issues, Resources and Recent Advances}}
@INPROCEEDINGS{papers-1525,
   AUTHOR = {Mochihashi, Daichi and Fujii, Ryo and Domoto, Ryo},
   SORTNAME = {Mochihashi, Daichi and Fujii, Ryo and Domoto, Ryo},
   TITLE = {[TACL] Nonparametric Bayesian Semi-supervised Word Segmentation}}
@INPROCEEDINGS{papers-1526,
   AUTHOR = {Mansouri Bigvand, Anahita and Bu, Te and Sarkar, Anoop},
   SORTNAME = {Mansouri Bigvand, Anahita and Bu, Te and Sarkar, Anoop},
   TITLE = {[TACL] Joint Prediction of Word Alignment with Alignment Types}}
@INPROCEEDINGS{papers-138,
   AUTHOR = {Misra, Dipendra and Langford, John and Artzi, Yoav},
   SORTNAME = {Misra, Dipendra and Langford, John and Artzi, Yoav},
   TITLE = {Mapping Instructions and Visual Observations to Actions with Reinforcement Learning}}
@INPROCEEDINGS{papers-857,
   AUTHOR = {Reddy, Siva and Täckström, Oscar and Petrov, Slav and Steedman, Mark and Lapata, Mirella},
   SORTNAME = {Reddy, Siva and Tackstrom, Oscar and Petrov, Slav and Steedman, Mark and Lapata, Mirella},
   TITLE = {Universal Semantic Parsing}}
@INPROCEEDINGS{papers-971,
   AUTHOR = {Bastings, Joost and Titov, Ivan and Aziz, Wilker and Marcheggiani, Diego and Simaan, Khalil},
   SORTNAME = {Bastings, Joost and Titov, Ivan and Aziz, Wilker and Marcheggiani, Diego and Simaan, Khalil},
   TITLE = {Graph Convolutional Encoders for Syntax-aware Neural Machine Translation}}
@INPROCEEDINGS{papers-524,
   AUTHOR = {Wang, Kexiang and Liu, Tianyu and Sui, Zhifang and Chang, Baobao},
   SORTNAME = {Wang, Kexiang and Liu, Tianyu and Sui, Zhifang and Chang, Baobao},
   TITLE = {Affinity-Preserving Random Walk for Multi-Document Summarization}}
@INPROCEEDINGS{papers-581,
   AUTHOR = {Gautrais, Clément and Cellier, Peggy and Quiniou, René and Termier, Alexandre},
   SORTNAME = {Gautrais, Clement and Cellier, Peggy and Quiniou, Rene and Termier, Alexandre},
   TITLE = {Topic Signatures in Political Campaign Speeches}}
@INPROCEEDINGS{papers-299,
   AUTHOR = {Fetahu, Besnik and Markert, Katja and Anand, Avishek},
   SORTNAME = {Fetahu, Besnik and Markert, Katja and Anand, Avishek},
   TITLE = {Fine Grained Citation Span for References in Wikipedia}}
@INPROCEEDINGS{papers-1430,
   AUTHOR = {Mathur, Nitika and Baldwin, Timothy and Cohn, Trevor},
   SORTNAME = {Mathur, Nitika and Baldwin, Timothy and Cohn, Trevor},
   TITLE = {Sequence Effects in Crowdsourced Annotations}}
@INPROCEEDINGS{papers-412,
   AUTHOR = {Joseph, Kenneth and Friedland, Lisa and Hobbs, William and Lazer, David and Tsur, Oren},
   SORTNAME = {Joseph, Kenneth and Friedland, Lisa and Hobbs, William and Lazer, David and Tsur, Oren},
   TITLE = {ConStance: Modeling Annotation Contexts to Improve Stance Classification}}
@INPROCEEDINGS{papers-236,
   AUTHOR = {Schulz, Sarah and Kuhn, Jonas},
   SORTNAME = {Schulz, Sarah and Kuhn, Jonas},
   TITLE = {Multi-modular domain-tailored OCR post-correction}}
@INPROCEEDINGS{papers-1019,
   AUTHOR = {Heinzerling, Benjamin and Moosavi, Nafise Sadat and Strube, Michael},
   SORTNAME = {Heinzerling, Benjamin and Moosavi, Nafise Sadat and Strube, Michael},
   TITLE = {Revisiting Selectional Preferences for Coreference Resolution}}
@INPROCEEDINGS{papers-281,
   AUTHOR = {Liu, Yang and Han, Kun and Tan, Zhao and Lei, Yun},
   SORTNAME = {Liu, Yang and Han, Kun and Tan, Zhao and Lei, Yun},
   TITLE = {Using Context Information for Dialog Act Classification in DNN Framework}}
@INPROCEEDINGS{papers-1006,
   AUTHOR = {Choubey, Prafulla Kumar and Huang, Ruihong},
   SORTNAME = {Choubey, Prafulla Kumar and Huang, Ruihong},
   TITLE = {A Sequential Model for Classifying Temporal Relations between Intra-Sentence Events}}
@INPROCEEDINGS{papers-1017,
   AUTHOR = {Ture, Ferhan and Jojic, Oliver},
   SORTNAME = {Ture, Ferhan and Jojic, Oliver},
   TITLE = {No Need to Pay Attention: Simple Recurrent Neural Networks Work!}}
@INPROCEEDINGS{papers-1022,
   AUTHOR = {Swamy, Sandesh and Ritter, Alan and de Marneffe, Marie-Catherine},
   SORTNAME = {Swamy, Sandesh and Ritter, Alan and de Marneffe, Marie-Catherine},
   TITLE = {''i have a feeling trump will win..................'': Forecasting Winners and Losers from User Predictions on Twitter}}
@INPROCEEDINGS{papers-1219,
   AUTHOR = {Liu, Rui and Hu, Junjie and Wei, Wei and Yang, Zi and Nyberg, Eric},
   SORTNAME = {Liu, Rui and Hu, Junjie and Wei, Wei and Yang, Zi and Nyberg, Eric},
   TITLE = {Structural Embedding of Syntactic Trees for Machine Comprehension}}
@INPROCEEDINGS{papers-856,
   AUTHOR = {Long, Teng and Bengio, Emmanuel and Lowe, Ryan and Cheung, Jackie Chi Kit and Precup, Doina},
   SORTNAME = {Long, Teng and Bengio, Emmanuel and Lowe, Ryan and Cheung, Jackie Chi Kit and Precup, Doina},
   TITLE = {World Knowledge for Reading Comprehension: Rare Entity Prediction with Hierarchical LSTMs Using External Descriptions}}
@INPROCEEDINGS{papers-127,
   AUTHOR = {Cotterell, Ryan and Vylomova, Ekaterina and Khayrallah, Huda and Kirov, Christo and Yarowsky, David},
   SORTNAME = {Cotterell, Ryan and Vylomova, Ekaterina and Khayrallah, Huda and Kirov, Christo and Yarowsky, David},
   TITLE = {Paradigm Completion for Derivational Morphology}}
@INPROCEEDINGS{papers-1532,
   AUTHOR = {Kummerfeld, Jonathan K. and Klein, Dan},
   SORTNAME = {Kummerfeld, Jonathan K. and Klein, Dan},
   TITLE = {[TACL] Parsing with Traces: An O($n^4$) Algorithm and a Structural Representation}}
@INPROCEEDINGS{papers-204,
   AUTHOR = {Liu, Yang and Lapata, Mirella},
   SORTNAME = {Liu, Yang and Lapata, Mirella},
   TITLE = {Learning Contextually Informed Representations for Linear-Time Discourse Parsing}}
@INPROCEEDINGS{papers-439,
   AUTHOR = {Gui, Lin and Hu, Jiannan and He, Yulan and Xu, Ruifeng and Qin, Lu and Du, Jiachen},
   SORTNAME = {Gui, Lin and Hu, Jiannan and He, Yulan and Xu, Ruifeng and Qin, Lu and Du, Jiachen},
   TITLE = {A Question Answering Approach for Emotion Cause Extraction}}
@INPROCEEDINGS{papers-1318,
   AUTHOR = {Li, Xin and Lam, Wai},
   SORTNAME = {Li, Xin and Lam, Wai},
   TITLE = {Deep Multi-Task Learning for Aspect Term Extraction with Memory Interaction}}
@INPROCEEDINGS{papers-792,
   AUTHOR = {Garimella, Aparna and Banea, Carmen and Mihalcea, Rada},
   SORTNAME = {Garimella, Aparna and Banea, Carmen and Mihalcea, Rada},
   TITLE = {Demographic-aware word associations}}
@INPROCEEDINGS{papers-536,
   AUTHOR = {Shirakawa, Masumi and Hara, Takahiro and Maekawa, Takuya},
   SORTNAME = {Shirakawa, Masumi and Hara, Takahiro and Maekawa, Takuya},
   TITLE = {Never Abandon Minorities: Exhaustive Extraction of Bursty Phrases on Microblogs Using Set Cover Problem}}
@INPROCEEDINGS{papers-075,
   AUTHOR = {Li, Haoran and Zhu, Junnan and Ma, Cong and Zhang, Jiajun and Zong, Chengqing},
   SORTNAME = {Li, Haoran and Zhu, Junnan and Ma, Cong and Zhang, Jiajun and Zong, Chengqing},
   TITLE = {Multi-modal Summarization for Asynchronous Collection of Text, Image, Audio and Video}}
@INPROCEEDINGS{papers-1213,
   AUTHOR = {Weng, Rongxiang and Huang, Shujian and Zheng, Zaixiang and Dai, Xin-Yu and Chen, Jiajun},
   SORTNAME = {Weng, Rongxiang and Huang, Shujian and Zheng, Zaixiang and Dai, Xin-Yu and Chen, Jiajun},
   TITLE = {Neural Machine Translation with Word Predictions}}
@INPROCEEDINGS{papers-425,
   AUTHOR = {Al Khatib, Khalid and Wachsmuth, Henning and Hagen, Matthias and Stein, Benno},
   SORTNAME = {Al Khatib, Khalid and Wachsmuth, Henning and Hagen, Matthias and Stein, Benno},
   TITLE = {Patterns of Argumentation Strategies across Topics}}
@INPROCEEDINGS{papers-264,
   AUTHOR = {Gui, Tao and Zhang, Qi and Huang, Haoran and Peng, Minlong and Huang, Xuanjing},
   SORTNAME = {Gui, Tao and Zhang, Qi and Huang, Haoran and Peng, Minlong and Huang, Xuanjing},
   TITLE = {Part-of-Speech Tagging for Twitter with Adversarial Neural Networks}}
@INPROCEEDINGS{papers-1260,
   AUTHOR = {Alvarez-Melis, David and Jaakkola, Tommi},
   SORTNAME = {Alvarez-Melis, David and Jaakkola, Tommi},
   TITLE = {A causal framework for explaining the predictions of black-box sequence-to-sequence models}}
@INPROCEEDINGS{papers-1254,
   AUTHOR = {Schmaltz, Allen and Kim, Yoon and Rush, Alexander and Shieber, Stuart},
   SORTNAME = {Schmaltz, Allen and Kim, Yoon and Rush, Alexander and Shieber, Stuart},
   TITLE = {Adapting Sequence Models for Sentence Correction}}
@INPROCEEDINGS{papers-674,
   AUTHOR = {Zhuang, Honglei and Wang, Chi and Tao, Fangbo and Kaplan, Lance and Han, Jiawei},
   SORTNAME = {Zhuang, Honglei and Wang, Chi and Tao, Fangbo and Kaplan, Lance and Han, Jiawei},
   TITLE = {Identifying Semantically Deviating Outlier Documents}}
@INPROCEEDINGS{papers-1013,
   AUTHOR = {Wang, Shaolei and Che, Wanxiang and Zhang, Yue and Zhang, Meishan and Liu, Ting},
   SORTNAME = {Wang, Shaolei and Che, Wanxiang and Zhang, Yue and Zhang, Meishan and Liu, Ting},
   TITLE = {Transition-Based Disfluency Detection using LSTMs}}
@INPROCEEDINGS{papers-1159,
   AUTHOR = {Aoki, Tatsuya and Sasano, Ryohei and Takamura, Hiroya and Okumura, Manabu},
   SORTNAME = {Aoki, Tatsuya and Sasano, Ryohei and Takamura, Hiroya and Okumura, Manabu},
   TITLE = {Distinguishing Japanese Non-standard Usages from Standard Ones}}
@INPROCEEDINGS{papers-432,
   AUTHOR = {Hopkins, Mark and Petrescu-Prahova, Cristian and Levin, Roie and Le Bras, Ronan and Herrasti, Alvaro and Joshi, Vidur},
   SORTNAME = {Hopkins, Mark and Petrescu-Prahova, Cristian and Levin, Roie and Le Bras, Ronan and Herrasti, Alvaro and Joshi, Vidur},
   TITLE = {Beyond Sentential Semantic Parsing: Tackling the Math SAT with a Cascade of Tree Transducers}}
@INPROCEEDINGS{papers-864,
   AUTHOR = {Aji, Alham Fikri and Heafield, Kenneth},
   SORTNAME = {Aji, Alham Fikri and Heafield, Kenneth},
   TITLE = {Sparse Communication for Distributed Gradient Descent}}
@INPROCEEDINGS{papers-1094,
   AUTHOR = {Gashteovski, Kiril and Gemulla, Rainer and Del Corro, Luciano},
   SORTNAME = {Gashteovski, Kiril and Gemulla, Rainer and Del Corro, Luciano},
   TITLE = {MinIE: Minimizing Facts in Open Information Extraction}}
@INPROCEEDINGS{papers-1138,
   AUTHOR = {Chaturvedi, Snigdha and Peng, Haoruo and Roth, Dan},
   SORTNAME = {Chaturvedi, Snigdha and Peng, Haoruo and Roth, Dan},
   TITLE = {Story Comprehension for Predicting What Happens Next}}
@INPROCEEDINGS{papers-624,
   AUTHOR = {Yanaka, Hitomi and Mineshima, Koji and Martínez-Gómez, Pascual and Bekki, Daisuke},
   SORTNAME = {Yanaka, Hitomi and Mineshima, Koji and Martinez-Gomez, Pascual and Bekki, Daisuke},
   TITLE = {Determining Semantic Textual Similarity using Natural Deduction Proofs}}
@INPROCEEDINGS{papers-642,
   AUTHOR = {Nastase, Vivi and Strapparava, Carlo},
   SORTNAME = {Nastase, Vivi and Strapparava, Carlo},
   TITLE = {Word Etymology as Native Language Interference}}
@INPROCEEDINGS{papers-398,
   AUTHOR = {Dahlmann, Leonard and Matusov, Evgeny and Petrushkov, Pavel and Khadivi, Shahram},
   SORTNAME = {Dahlmann, Leonard and Matusov, Evgeny and Petrushkov, Pavel and Khadivi, Shahram},
   TITLE = {Neural Machine Translation Leveraging Phrase-based Models in a Hybrid Search}}
@INPROCEEDINGS{papers-392,
   AUTHOR = {Melamud, Oren and Dagan, Ido and Goldberger, Jacob},
   SORTNAME = {Melamud, Oren and Dagan, Ido and Goldberger, Jacob},
   TITLE = {A Simple Language Model based on PMI Matrix Approximations}}
@INPROCEEDINGS{papers-455,
   AUTHOR = {Yang, Fan and Mukherjee, Arjun and Dragut, Eduard},
   SORTNAME = {Yang, Fan and Mukherjee, Arjun and Dragut, Eduard},
   TITLE = {Satirical News Detection and Analysis using Attention Mechanism and Linguistic Features}}
@INPROCEEDINGS{papers-516,
   AUTHOR = {Kaji, Nobuhiro and Kobayashi, Hayato},
   SORTNAME = {Kaji, Nobuhiro and Kobayashi, Hayato},
   TITLE = {Incremental Skip-gram Model with Negative Sampling}}
@INPROCEEDINGS{papers-709,
   AUTHOR = {Gutierrez, E. Dario and Cecchi, Guillermo and Corcoran, Cheryl and Corlett, Philip},
   SORTNAME = {Gutierrez, E. Dario and Cecchi, Guillermo and Corcoran, Cheryl and Corlett, Philip},
   TITLE = {Using Automated Metaphor Identification to Aid in Detection and Prediction of First-Episode Schizophrenia}}
@INPROCEEDINGS{papers-400,
   AUTHOR = {Patro, Jasabanta and Samanta, Bidisha and Singh, Saurabh and Basu, Abhipsa and Mukherjee, Prithwish and Choudhury, Monojit and Mukherjee, Animesh},
   SORTNAME = {Patro, Jasabanta and Samanta, Bidisha and Singh, Saurabh and Basu, Abhipsa and Mukherjee, Prithwish and Choudhury, Monojit and Mukherjee, Animesh},
   TITLE = {All that is English may be Hindi: Enhancing language identification through automatic ranking of the likeliness of word borrowing in social media}}
@INPROCEEDINGS{papers-1405,
   AUTHOR = {Yavuz, Semih and Gur, Izzeddin and Su, Yu and Yan, Xifeng},
   SORTNAME = {Yavuz, Semih and Gur, Izzeddin and Su, Yu and Yan, Xifeng},
   TITLE = {Recovering Question Answering Errors via Query Revision}}
@INPROCEEDINGS{papers-797,
   AUTHOR = {Tymoshenko, Kateryna and Bonadiman, Daniele and Moschitti, Alessandro},
   SORTNAME = {Tymoshenko, Kateryna and Bonadiman, Daniele and Moschitti, Alessandro},
   TITLE = {Ranking Kernels for Structures and Embeddings: A Hybrid Preference and Classification Model}}
@INPROCEEDINGS{papers-898,
   AUTHOR = {Hasan, Souleiman and Curry, Edward},
   SORTNAME = {Hasan, Souleiman and Curry, Edward},
   TITLE = {Word Re-Embedding via Manifold Dimensionality Retention}}
@INPROCEEDINGS{papers-822,
   AUTHOR = {Mekala, Dheeraj and Gupta, Vivek and Paranjape, Bhargavi and Karnick, Harish},
   SORTNAME = {Mekala, Dheeraj and Gupta, Vivek and Paranjape, Bhargavi and Karnick, Harish},
   TITLE = {SCDV : Sparse Composite Document Vectors using soft clustering over distributional representations}}
@INPROCEEDINGS{papers-637,
   AUTHOR = {Lawrence, Carolin and Sokolov, Artem and Riezler, Stefan},
   SORTNAME = {Lawrence, Carolin and Sokolov, Artem and Riezler, Stefan},
   TITLE = {Counterfactual Learning from Bandit Feedback under Deterministic Logging : A Case Study in Statistical Machine Translation}}
@INPROCEEDINGS{papers-387,
   AUTHOR = {Novikova, Jekaterina and Dušek, Ondřej and Cercas Curry, Amanda and Rieser, Verena},
   SORTNAME = {Novikova, Jekaterina and Dusek, Ondrej and Cercas Curry, Amanda and Rieser, Verena},
   TITLE = {Why We Need New Evaluation Metrics for NLG}}
@INPROCEEDINGS{papers-836,
   AUTHOR = {Cai, Jiong and Jiang, Yong and Tu, Kewei},
   SORTNAME = {Cai, Jiong and Jiang, Yong and Tu, Kewei},
   TITLE = {CRF Autoencoder for Unsupervised Dependency Parsing}}
@INPROCEEDINGS{papers-996,
   AUTHOR = {Zalmout, Nasser and Habash, Nizar},
   SORTNAME = {Zalmout, Nasser and Habash, Nizar},
   TITLE = {Don't Throw Those Morphological Analyzers Away Just Yet: Neural Morphological Disambiguation for Arabic}}
@INPROCEEDINGS{papers-1419,
   AUTHOR = {Meng, Yuanliang and Rumshisky, Anna and Romanov, Alexey},
   SORTNAME = {Meng, Yuanliang and Rumshisky, Anna and Romanov, Alexey},
   TITLE = {Temporal Information Extraction for Question Answering Using Syntactic Dependencies in an LSTM-based Architecture}}
@INPROCEEDINGS{papers-1420,
   AUTHOR = {Shu, Lei and Xu, Hu and Liu, Bing},
   SORTNAME = {Shu, Lei and Xu, Hu and Liu, Bing},
   TITLE = {DOC: Deep Open Classification of Text Documents}}
@INPROCEEDINGS{papers-506,
   AUTHOR = {Raiman, Jonathan and Miller, John},
   SORTNAME = {Raiman, Jonathan and Miller, John},
   TITLE = {Globally Normalized Reader}}
@INPROCEEDINGS{papers-022,
   AUTHOR = {Sachan, Mrinmaya and Dubey, Kumar and Xing, Eric},
   SORTNAME = {Sachan, Mrinmaya and Dubey, Kumar and Xing, Eric},
   TITLE = {From Textbooks to Knowledge: A Case Study in Harvesting Axiomatic Knowledge from Textbooks to Solve Geometry Problems}}
@INPROCEEDINGS{papers-102,
   AUTHOR = {Yu, Jinxing and Jian, Xun and Xin, Hao and Song, Yangqiu},
   SORTNAME = {Yu, Jinxing and Jian, Xun and Xin, Hao and Song, Yangqiu},
   TITLE = {Joint Embeddings of Chinese Words, Characters, and Fine-grained Subcharacter Components}}
@INPROCEEDINGS{papers-1255,
   AUTHOR = {Srivastava, Shashank and Labutov, Igor and Mitchell, Tom},
   SORTNAME = {Srivastava, Shashank and Labutov, Igor and Mitchell, Tom},
   TITLE = {Joint Concept Learning and Semantic Parsing from Natural Language Explanations}}
@INPROCEEDINGS{papers-629,
   AUTHOR = {Frermann, Lea and Szarvas, György},
   SORTNAME = {Frermann, Lea and Szarvas, Gyorgy},
   TITLE = {Inducing Semantic Micro-Clusters from Deep Multi-View Representations of Novels}}
@INPROCEEDINGS{papers-044,
   AUTHOR = {Oshikiri, Takamasa},
   SORTNAME = {Oshikiri, Takamasa},
   TITLE = {Segmentation-Free Word Embedding for Unsegmented Languages}}
@INPROCEEDINGS{papers-638,
   AUTHOR = {Zhang, Zhirui and Liu, Shujie and Li, Mu and Zhou, Ming and Chen, Enhong},
   SORTNAME = {Zhang, Zhirui and Liu, Shujie and Li, Mu and Zhou, Ming and Chen, Enhong},
   TITLE = {Stack-based Multi-layer Attention for Transition-based Dependency Parsing}}
@INPROCEEDINGS{papers-1403,
   AUTHOR = {Chen, Lu and Zhou, Xiang and Chang, Cheng and Yang, Runzhe and Yu, Kai},
   SORTNAME = {Chen, Lu and Zhou, Xiang and Chang, Cheng and Yang, Runzhe and Yu, Kai},
   TITLE = {Agent-Aware Dropout DQN for Safe and Efficient On-line Dialogue Policy Learning}}
@INPROCEEDINGS{papers-1468,
   AUTHOR = {Huang, Liang and Zhao, Kai and Ma, Mingbo},
   SORTNAME = {Huang, Liang and Zhao, Kai and Ma, Mingbo},
   TITLE = {When to Finish? Optimal Beam Search for Neural Text Generation (modulo beam size)}}
@INPROCEEDINGS{papers-663,
   AUTHOR = {Tissier, Julien and Gravier, Christopher and Habrard, Amaury},
   SORTNAME = {Tissier, Julien and Gravier, Christopher and Habrard, Amaury},
   TITLE = {Dict2vec : Learning Word Embeddings using Lexical Dictionaries}}
@INPROCEEDINGS{papers-1299,
   AUTHOR = {Zhou, Hao and Yu, Zhenting and Zhang, Yue and Huang, Shujian and Dai, Xin-Yu and Chen, Jiajun},
   SORTNAME = {Zhou, Hao and Yu, Zhenting and Zhang, Yue and Huang, Shujian and Dai, Xin-Yu and Chen, Jiajun},
   TITLE = {Word-Context Character Embeddings for Chinese Word Segmentation}}
@INPROCEEDINGS{papers-754,
   AUTHOR = {Ramachandran, Prajit and Liu, Peter and Le, Quoc},
   SORTNAME = {Ramachandran, Prajit and Liu, Peter and Le, Quoc},
   TITLE = {Unsupervised Pretraining for Sequence to Sequence Learning}}
@INPROCEEDINGS{papers-313,
   AUTHOR = {Tan, Chuanqi and Wei, Furu and Ren, Pengjie and Lv, Weifeng and Zhou, Ming},
   SORTNAME = {Tan, Chuanqi and Wei, Furu and Ren, Pengjie and Lv, Weifeng and Zhou, Ming},
   TITLE = {Entity Linking for Queries by Searching Wikipedia Sentences}}
@INPROCEEDINGS{papers-1531,
   AUTHOR = {Monroe, Will and Hawkins, Robert X. D. and Goodman, Noah D. and Potts, Christopher},
   SORTNAME = {Monroe, Will and Hawkins, Robert X. D. and Goodman, Noah D. and Potts, Christopher},
   TITLE = {[TACL] Colors in Context: A Pragmatic Neural Model for Grounded Language Understanding}}
@INPROCEEDINGS{papers-1236,
   AUTHOR = {Pourdamghani, Nima and Knight, Kevin},
   SORTNAME = {Pourdamghani, Nima and Knight, Kevin},
   TITLE = {Deciphering Related Languages}}
@INPROCEEDINGS{papers-871,
   AUTHOR = {Conneau, Alexis and Kiela, Douwe and Schwenk, Holger and Barrault, Loïc and Bordes, Antoine},
   SORTNAME = {Conneau, Alexis and Kiela, Douwe and Schwenk, Holger and Barrault, Loic and Bordes, Antoine},
   TITLE = {Supervised Learning of Universal Sentence Representations from Natural Language Inference Data}}
@INPROCEEDINGS{papers-1408,
   AUTHOR = {Li, Peng-Hsuan and Dong, Ruo-Ping and Wang, Yu-Siang and Chou, Ju-Chieh and Ma, Wei-Yun},
   SORTNAME = {Li, Peng-Hsuan and Dong, Ruo-Ping and Wang, Yu-Siang and Chou, Ju-Chieh and Ma, Wei-Yun},
   TITLE = {Leveraging Linguistic Structures for Named Entity Recognition with Bidirectional Recursive Neural Networks}}
@INPROCEEDINGS{papers-988,
   AUTHOR = {Ghosh, Aniruddha and Veale, Tony},
   SORTNAME = {Ghosh, Aniruddha and Veale, Tony},
   TITLE = {Magnets for Sarcasm: Making Sarcasm Detection Timely, Contextual and Very Personal}}
@INPROCEEDINGS{papers-794,
   AUTHOR = {Domhan, Tobias and Hieber, Felix},
   SORTNAME = {Domhan, Tobias and Hieber, Felix},
   TITLE = {Using Target-side Monolingual Data for Neural Machine Translation through Multi-task Learning}}
@INPROCEEDINGS{papers-679,
   AUTHOR = {Fang, Meng and Li, Yuan and Cohn, Trevor},
   SORTNAME = {Fang, Meng and Li, Yuan and Cohn, Trevor},
   TITLE = {Learning how to Active Learn: A Deep Reinforcement Learning Approach}}
@INPROCEEDINGS{papers-1355,
   AUTHOR = {Nguyen, Khanh and Daumé III, Hal and Boyd-Graber, Jordan},
   SORTNAME = {Nguyen, Khanh and Daume III, Hal and Boyd-Graber, Jordan},
   TITLE = {Reinforcement Learning for Bandit Neural Machine Translation with Simulated Human Feedback}}
@INPROCEEDINGS{papers-201,
   AUTHOR = {Cocarascu, Oana and Toni, Francesca},
   SORTNAME = {Cocarascu, Oana and Toni, Francesca},
   TITLE = {Identifying attack and support argumentative relations using deep learning}}
@INPROCEEDINGS{papers-1037,
   AUTHOR = {Vijayakumar, Ashwin and Vedantam, Ramakrishna and Parikh, Devi},
   SORTNAME = {Vijayakumar, Ashwin and Vedantam, Ramakrishna and Parikh, Devi},
   TITLE = {Sound-Word2Vec: Learning Word Representations Grounded in Sounds}}
@INPROCEEDINGS{papers-1446,
   AUTHOR = {Mu, Jesse and Hartshorne, Joshua K. and O'Donnell, Timothy},
   SORTNAME = {Mu, Jesse and Hartshorne, Joshua K. and O'Donnell, Timothy},
   TITLE = {Evaluating Hierarchies of Verb Argument Structure with Hierarchical Clustering}}
@INPROCEEDINGS{papers-888,
   AUTHOR = {Mimno, David and Thompson, Laure},
   SORTNAME = {Mimno, David and Thompson, Laure},
   TITLE = {The strange geometry of skip-gram with negative sampling}}
@INPROCEEDINGS{papers-689,
   AUTHOR = {Yao, Lili and Zhang, Yaoyuan and Feng, Yansong and Zhao, Dongyan and Yan, Rui},
   SORTNAME = {Yao, Lili and Zhang, Yaoyuan and Feng, Yansong and Zhao, Dongyan and Yan, Rui},
   TITLE = {Towards Implicit Content-Introducing for Generative Short-Text Conversation Systems}}
@INPROCEEDINGS{papers-603,
   AUTHOR = {Basile, Ivano and Tamburini, Fabio},
   SORTNAME = {Basile, Ivano and Tamburini, Fabio},
   TITLE = {Towards Quantum Language Models}}
@INPROCEEDINGS{papers-1026,
   AUTHOR = {Delbrouck, Jean-Benoit and Dupont, Stéphane},
   SORTNAME = {Delbrouck, Jean-Benoit and Dupont, Stephane},
   TITLE = {An empirical study on the effectiveness of images in Multimodal Neural Machine Translation}}
@INPROCEEDINGS{papers-1076,
   AUTHOR = {Ji, Yangfeng and Tan, Chenhao and Martschat, Sebastian and Choi, Yejin and Smith, Noah A.},
   SORTNAME = {Ji, Yangfeng and Tan, Chenhao and Martschat, Sebastian and Choi, Yejin and Smith, Noah A.},
   TITLE = {Dynamic Entity Representations in Neural Language Models}}
@INPROCEEDINGS{papers-435,
   AUTHOR = {Rei, Marek and Bulat, Luana and Kiela, Douwe and Shutova, Ekaterina},
   SORTNAME = {Rei, Marek and Bulat, Luana and Kiela, Douwe and Shutova, Ekaterina},
   TITLE = {Grasping the Finer Point: A Supervised Similarity Network for Metaphor Detection}}
@INPROCEEDINGS{papers-1229,
   AUTHOR = {Lu, You and Lund, Jeffrey and Boyd-Graber, Jordan},
   SORTNAME = {Lu, You and Lund, Jeffrey and Boyd-Graber, Jordan},
   TITLE = {Why ADAGRAD Fails for Online Topic Modeling}}
@INPROCEEDINGS{papers-538,
   AUTHOR = {Chen, Kehai and Wang, Rui and Utiyama, Masao and Liu, Lemao and Tamura, Akihiro and Sumita, Eiichiro and Zhao, Tiejun},
   SORTNAME = {Chen, Kehai and Wang, Rui and Utiyama, Masao and Liu, Lemao and Tamura, Akihiro and Sumita, Eiichiro and Zhao, Tiejun},
   TITLE = {Neural Machine Translation with Source Dependency Representation}}
@INPROCEEDINGS{papers-446,
   AUTHOR = {McConnaughey, Lara and Dai, Jennifer and Bamman, David},
   SORTNAME = {McConnaughey, Lara and Dai, Jennifer and Bamman, David},
   TITLE = {The Labeled Segmentation of Printed Books}}
@INPROCEEDINGS{papers-007,
   AUTHOR = {Mahendru, Aroma and Prabhu, Viraj and Mohapatra, Akrit and Batra, Dhruv and Lee, Stefan},
   SORTNAME = {Mahendru, Aroma and Prabhu, Viraj and Mohapatra, Akrit and Batra, Dhruv and Lee, Stefan},
   TITLE = {The Promise of Premise: Harnessing Question Premises in Visual Question Answering}}
@INPROCEEDINGS{papers-1197,
   AUTHOR = {Su, Tzu-ray and Lee, Hung-yi},
   SORTNAME = {Su, Tzu-ray and Lee, Hung-yi},
   TITLE = {Learning Chinese Word Representations From Glyphs Of Characters}}
@INPROCEEDINGS{papers-1043,
   AUTHOR = {Potash, Peter and Romanov, Alexey and Rumshisky, Anna},
   SORTNAME = {Potash, Peter and Romanov, Alexey and Rumshisky, Anna},
   TITLE = {Here's My Point: Joint Pointer Architecture for Argument Mining}}
@INPROCEEDINGS{papers-650,
   AUTHOR = {Stratos, Karl},
   SORTNAME = {Stratos, Karl},
   TITLE = {A Sub-Character Architecture for Korean Language Processing}}
@INPROCEEDINGS{papers-1249,
   AUTHOR = {Yang, Wei and Lu, Wei and Zheng, Vincent},
   SORTNAME = {Yang, Wei and Lu, Wei and Zheng, Vincent},
   TITLE = {A Simple Regularization-based Algorithm for Learning Cross-Domain Word Embeddings}}
@INPROCEEDINGS{papers-361,
   AUTHOR = {Jiang, Yong and Han, Wenjuan and Tu, Kewei},
   SORTNAME = {Jiang, Yong and Han, Wenjuan and Tu, Kewei},
   TITLE = {Combining Generative and Discriminative Approaches to Unsupervised Dependency Parsing via Dual Decomposition}}
@INPROCEEDINGS{papers-1127,
   AUTHOR = {Pujara, Jay and Augustine, Eriq and Getoor, Lise},
   SORTNAME = {Pujara, Jay and Augustine, Eriq and Getoor, Lise},
   TITLE = {Sparsity and Noise: Where Knowledge Graph Embeddings Fall Short}}
@INPROCEEDINGS{papers-1113,
   AUTHOR = {Braud, Chloé and Lacroix, Ophélie and Søgaard, Anders},
   SORTNAME = {Braud, Chloe and Lacroix, Ophelie and Søgaard, Anders},
   TITLE = {Does syntax help discourse segmentation? Not so much}}
@INPROCEEDINGS{papers-505,
   AUTHOR = {Kottur, Satwik and Moura, José and Lee, Stefan and Batra, Dhruv},
   SORTNAME = {Kottur, Satwik and Moura, Jose and Lee, Stefan and Batra, Dhruv},
   TITLE = {Natural Language Does Not Emerge ‘Naturally' in Multi-Agent Dialog}}
@INPROCEEDINGS{papers-625,
   AUTHOR = {Muis, Aldrian Obaja and Lu, Wei},
   SORTNAME = {Muis, Aldrian Obaja and Lu, Wei},
   TITLE = {Labeling Gaps Between Words: Recognizing Overlapping Mentions with Mention Separators}}
@INPROCEEDINGS{papers-1326,
   AUTHOR = {Rashkin, Hannah and Choi, Eunsol and Jang, Jin Yea and Volkova, Svitlana and Choi, Yejin},
   SORTNAME = {Rashkin, Hannah and Choi, Eunsol and Jang, Jin Yea and Volkova, Svitlana and Choi, Yejin},
   TITLE = {Truth of Varying Shades: Analyzing Language in Fake News and Political Fact-Checking}}
@INPROCEEDINGS{papers-147,
   AUTHOR = {Zhang, Jianmin and Wan, Xiaojun},
   SORTNAME = {Zhang, Jianmin and Wan, Xiaojun},
   TITLE = {Towards Automatic Construction of News Overview Articles by News Synthesis}}
@INPROCEEDINGS{papers-539,
   AUTHOR = {Wang, Chenguang and Akbik, Alan and chiticariu, laura and Li, Yunyao and Xia, Fei and Xu, Anbang},
   SORTNAME = {Wang, Chenguang and Akbik, Alan and chiticariu, laura and Li, Yunyao and Xia, Fei and Xu, Anbang},
   TITLE = {CROWD-IN-THE-LOOP: A Hybrid Approach for Annotating Semantic Roles}}
@INPROCEEDINGS{papers-076,
   AUTHOR = {Shnarch, Eyal and Levy, Ran and Raykar, Vikas and Slonim, Noam},
   SORTNAME = {Shnarch, Eyal and Levy, Ran and Raykar, Vikas and Slonim, Noam},
   TITLE = {GRASP: Rich Patterns for Argumentation Mining}}
@INPROCEEDINGS{papers-1274,
   AUTHOR = {Nakashole, Ndapandula and Flauger, Raphael},
   SORTNAME = {Nakashole, Ndapandula and Flauger, Raphael},
   TITLE = {Knowledge Distillation for Bilingual Dictionary Induction}}
@INPROCEEDINGS{papers-020,
   AUTHOR = {Li, Jiwei and Jurafsky, Dan},
   SORTNAME = {Li, Jiwei and Jurafsky, Dan},
   TITLE = {Neural Net Models of Open-domain Discourse Coherence}}
@INPROCEEDINGS{papers-169,
   AUTHOR = {Anderson, Peter and Fernando, Basura and Johnson, Mark and Gould, Stephen},
   SORTNAME = {Anderson, Peter and Fernando, Basura and Johnson, Mark and Gould, Stephen},
   TITLE = {Guided Open Vocabulary Image Captioning with Constrained Beam Search}}
@INPROCEEDINGS{papers-1388,
   AUTHOR = {Han, Dan and Martínez-Gómez, Pascual and Mineshima, Koji},
   SORTNAME = {Han, Dan and Martinez-Gomez, Pascual and Mineshima, Koji},
   TITLE = {Visual Denotations for Recognizing Textual Entailment}}
@INPROCEEDINGS{papers-1161,
   AUTHOR = {Wijaya, Derry Tanti and Callahan, Brendan and Hewitt, John and Gao, Jie and Ling, Xiao and Apidianaki, Marianna and Callison-Burch, Chris},
   SORTNAME = {Wijaya, Derry Tanti and Callahan, Brendan and Hewitt, John and Gao, Jie and Ling, Xiao and Apidianaki, Marianna and Callison-Burch, Chris},
   TITLE = {Learning Translations via Matrix Completion}}
@INPROCEEDINGS{papers-543,
   AUTHOR = {Zhang, Meng and Liu, Yang and Luan, Huanbo and Sun, Maosong},
   SORTNAME = {Zhang, Meng and Liu, Yang and Luan, Huanbo and Sun, Maosong},
   TITLE = {Earth Mover's Distance Minimization for Unsupervised Bilingual Lexicon Induction}}
@INPROCEEDINGS{papers-1188,
   AUTHOR = {Noriega-Atala, Enrique and Valenzuela-Escárcega, Marco A. and Morrison, Clayton and Surdeanu, Mihai},
   SORTNAME = {Noriega-Atala, Enrique and Valenzuela-Escarcega, Marco A. and Morrison, Clayton and Surdeanu, Mihai},
   TITLE = {Learning what to read: Focused machine reading}}
@INPROCEEDINGS{papers-1011,
   AUTHOR = {Hashimoto, Kazuma and xiong, caiming and Tsuruoka, Yoshimasa and Socher, Richard},
   SORTNAME = {Hashimoto, Kazuma and xiong, caiming and Tsuruoka, Yoshimasa and Socher, Richard},
   TITLE = {A Joint Many-Task Model: Growing a Neural Network for Multiple NLP Tasks}}
@INPROCEEDINGS{papers-1126,
   AUTHOR = {Yu, Liang-Chih and Wang, Jin and Lai, K. Robert and Zhang, Xuejie},
   SORTNAME = {Yu, Liang-Chih and Wang, Jin and Lai, K. Robert and Zhang, Xuejie},
   TITLE = {Refining Word Embeddings for Sentiment Analysis}}
@INPROCEEDINGS{papers-1529,
   AUTHOR = {Johnson, Melvin and Schuster, Mike and Le, Quoc V. and Krikun, Maxim and Wu, Yonghui and Chen, Zhifeng and Thorat, Nikhil and Viégas, Fernanda and Wattenberg, Martin and Corrado, Greg and Hughes, Macduff and Dean, Jeffrey},
   SORTNAME = {Johnson, Melvin and Schuster, Mike and Le, Quoc V. and Krikun, Maxim and Wu, Yonghui and Chen, Zhifeng and Thorat, Nikhil and Viegas, Fernanda and Wattenberg, Martin and Corrado, Greg and Hughes, Macduff and Dean, Jeffrey},
   TITLE = {[TACL] Google's Multilingual Neural Machine Translation System: Enabling Zero-Shot Translation}}
@INPROCEEDINGS{papers-916,
   AUTHOR = {Amiri, Hadi and Miller, Timothy and Savova, Guergana},
   SORTNAME = {Amiri, Hadi and Miller, Timothy and Savova, Guergana},
   TITLE = {Repeat before Forgetting: Spaced Repetition for Efficient and Effective Training of Neural Networks}}
@INPROCEEDINGS{papers-716,
   AUTHOR = {Wang, Longyue and Tu, Zhaopeng and Way, Andy and Liu, Qun},
   SORTNAME = {Wang, Longyue and Tu, Zhaopeng and Way, Andy and Liu, Qun},
   TITLE = {Exploiting Cross-Sentence Context for Neural Machine Translation}}
@INPROCEEDINGS{papers-1023,
   AUTHOR = {Mayhew, Stephen and Tsai, Chen-Tse and Roth, Dan},
   SORTNAME = {Mayhew, Stephen and Tsai, Chen-Tse and Roth, Dan},
   TITLE = {Cheap Translation for Cross-Lingual Named Entity Recognition}}
@INPROCEEDINGS{papers-559,
   AUTHOR = {Li, Bofang and Liu, Tao and Zhao, Zhe and Tang, Buzhou and Drozd, Aleksandr and Rogers, Anna and Du, Xiaoyong},
   SORTNAME = {Li, Bofang and Liu, Tao and Zhao, Zhe and Tang, Buzhou and Drozd, Aleksandr and Rogers, Anna and Du, Xiaoyong},
   TITLE = {Investigating Different Syntactic Context Types and Context Representations for Learning Word Embeddings}}
@INPROCEEDINGS{papers-111,
   AUTHOR = {Martins, André F. T. and Kreutzer, Julia},
   SORTNAME = {Martins, Andre F. T. and Kreutzer, Julia},
   TITLE = {Learning What's Easy: Fully Differentiable Neural Easy-First Taggers}}
@INPROCEEDINGS{papers-842,
   AUTHOR = {Narayan, Shashi and Gardent, Claire and Cohen, Shay B. and Shimorina, Anastasia},
   SORTNAME = {Narayan, Shashi and Gardent, Claire and Cohen, Shay B. and Shimorina, Anastasia},
   TITLE = {Split and Rephrase}}
@INPROCEEDINGS{papers-477,
   AUTHOR = {Isabelle, Pierre and Cherry, Colin and Foster, George},
   SORTNAME = {Isabelle, Pierre and Cherry, Colin and Foster, George},
   TITLE = {A Challenge Set Approach to Evaluating Machine Translation}}
@INPROCEEDINGS{papers-493,
   AUTHOR = {Zhang, Xiao and Jiang, Yong and Peng, Hao and Tu, Kewei and Goldwasser, Dan},
   SORTNAME = {Zhang, Xiao and Jiang, Yong and Peng, Hao and Tu, Kewei and Goldwasser, Dan},
   TITLE = {Semi-supervised Structured Prediction with Neural CRF Autoencoder}}
@INPROCEEDINGS{papers-730,
   AUTHOR = {Sterckx, Lucas and Naradowsky, Jason and Byrne, Bill and Demeester, Thomas and Develder, Chris},
   SORTNAME = {Sterckx, Lucas and Naradowsky, Jason and Byrne, Bill and Demeester, Thomas and Develder, Chris},
   TITLE = {Break it Down for Me: A Study in Automated Lyric Annotation}}
@INPROCEEDINGS{papers-246,
   AUTHOR = {Li, Piji and Lam, Wai and Bing, Lidong and Guo, Weiwei and Li, Hang},
   SORTNAME = {Li, Piji and Lam, Wai and Bing, Lidong and Guo, Weiwei and Li, Hang},
   TITLE = {Cascaded Attention based Unsupervised Information Distillation for Compressive Summarization}}
@INPROCEEDINGS{papers-1062,
   AUTHOR = {Cheng, Hao and Fang, Hao and Ostendorf, Mari},
   SORTNAME = {Cheng, Hao and Fang, Hao and Ostendorf, Mari},
   TITLE = {A Factored Neural Network Model for Characterizing Online Discussions in Vector Space}}
@INPROCEEDINGS{papers-329,
   AUTHOR = {Vilares, David and He, Yulan},
   SORTNAME = {Vilares, David and He, Yulan},
   TITLE = {Detecting Perspectives in Political Debates}}
@INPROCEEDINGS{papers-844,
   AUTHOR = {Shao, Yuanlong and Gouws, Stephan and Britz, Denny and Goldie, Anna and Strope, Brian and Kurzweil, Ray},
   SORTNAME = {Shao, Yuanlong and Gouws, Stephan and Britz, Denny and Goldie, Anna and Strope, Brian and Kurzweil, Ray},
   TITLE = {Generating High-Quality and Informative Conversation Responses with Sequence-to-Sequence Models}}
@INPROCEEDINGS{papers-501,
   AUTHOR = {Schwartz, H. Andrew and Rouhizadeh, Masoud and Bishop, Michael and Tetlock, Philip and Mellers, Barbara and Ungar, Lyle},
   SORTNAME = {Schwartz, H. Andrew and Rouhizadeh, Masoud and Bishop, Michael and Tetlock, Philip and Mellers, Barbara and Ungar, Lyle},
   TITLE = {Assessing Objective Recommendation Quality through Political Forecasting}}
@INPROCEEDINGS{papers-751,
   AUTHOR = {Yin, Qingyu and Zhang, Yu and Zhang, Weinan and Liu, Ting},
   SORTNAME = {Yin, Qingyu and Zhang, Yu and Zhang, Weinan and Liu, Ting},
   TITLE = {Chinese Zero Pronoun Resolution with Deep Memory Network}}
@INPROCEEDINGS{papers-043,
   AUTHOR = {Gong, Chen and Li, Zhenghua and Zhang, Min and Jiang, Xinzhou},
   SORTNAME = {Gong, Chen and Li, Zhenghua and Zhang, Min and Jiang, Xinzhou},
   TITLE = {Multi-Grained Chinese Word Segmentation}}
@INPROCEEDINGS{papers-853,
   AUTHOR = {Herbelot, Aurélie and Baroni, Marco},
   SORTNAME = {Herbelot, Aurelie and Baroni, Marco},
   TITLE = {High-risk learning: acquiring new word vectors from tiny data}}
@INPROCEEDINGS{papers-627,
   AUTHOR = {Huang, Danqing and Shi, Shuming and Lin, Chin-Yew and Yin, Jian},
   SORTNAME = {Huang, Danqing and Shi, Shuming and Lin, Chin-Yew and Yin, Jian},
   TITLE = {Learning Fine-Grained Expressions to Solve Math Word Problems}}
@INPROCEEDINGS{papers-497,
   AUTHOR = {Wang, Liang and Li, Sujian and Lv, Yajuan and Wang, Houfeng},
   SORTNAME = {Wang, Liang and Li, Sujian and Lv, Yajuan and Wang, Houfeng},
   TITLE = {Learning to Rank Semantic Coherence for Topic Segmentation}}
@INPROCEEDINGS{papers-343,
   AUTHOR = {Adel, Heike and Schütze, Hinrich},
   SORTNAME = {Adel, Heike and Schutze, Hinrich},
   TITLE = {Global Normalization of Convolutional Neural Networks for Joint Entity and Relation Classification}}
@INPROCEEDINGS{papers-912,
   AUTHOR = {Lee, Kenton and He, Luheng and Lewis, Mike and Zettlemoyer, Luke},
   SORTNAME = {Lee, Kenton and He, Luheng and Lewis, Mike and Zettlemoyer, Luke},
   TITLE = {End-to-end Neural Coreference Resolution}}
@INPROCEEDINGS{papers-737,
   AUTHOR = {Ruder, Sebastian and Plank, Barbara},
   SORTNAME = {Ruder, Sebastian and Plank, Barbara},
   TITLE = {Learning to select data for transfer learning with Bayesian Optimization}}
@INPROCEEDINGS{papers-1085,
   AUTHOR = {Kitaev, Nikita and Klein, Dan},
   SORTNAME = {Kitaev, Nikita and Klein, Dan},
   TITLE = {Where is Misty? Interpreting Spatial Descriptors by Modeling Regions in Space}}
@INPROCEEDINGS{papers-963,
   AUTHOR = {Asgari, Ehsaneddin and Schütze, Hinrich},
   SORTNAME = {Asgari, Ehsaneddin and Schutze, Hinrich},
   TITLE = {Past, Present, Future: A Computational Investigation of the Typology of Tense in 1000 Languages}}
@INPROCEEDINGS{papers-128,
   AUTHOR = {Cotterell, Ryan and Heigold, Georg},
   SORTNAME = {Cotterell, Ryan and Heigold, Georg},
   TITLE = {Cross-lingual Character-Level Neural Morphological Tagging}}
@INPROCEEDINGS{papers-779,
   AUTHOR = {Marasovic, Ana and Born, Leo and Opitz, Juri and Frank, Anette},
   SORTNAME = {Marasovic, Ana and Born, Leo and Opitz, Juri and Frank, Anette},
   TITLE = {A Mention-Ranking Model for Abstract Anaphora Resolution}}
@INPROCEEDINGS{papers-1270,
   AUTHOR = {Lewis, Mike and Yarats, Denis and Dauphin, Yann and Parikh, Devi and Batra, Dhruv},
   SORTNAME = {Lewis, Mike and Yarats, Denis and Dauphin, Yann and Parikh, Devi and Batra, Dhruv},
   TITLE = {Deal or No Deal? End-to-End Learning of Negotiation Dialogues}}
@INPROCEEDINGS{papers-1281,
   AUTHOR = {Botha, Jan A. and Pitler, Emily and Ma, Ji and Bakalov, Anton and Salcianu, Alex and Weiss, David and McDonald, Ryan and Petrov, Slav},
   SORTNAME = {Botha, Jan A. and Pitler, Emily and Ma, Ji and Bakalov, Anton and Salcianu, Alex and Weiss, David and McDonald, Ryan and Petrov, Slav},
   TITLE = {Natural Language Processing with Small Feed-Forward Networks}}
@INPROCEEDINGS{papers-1534,
   AUTHOR = {Feldman, Naomi H and Richter, Caitlin and Salgado, Harini and Jansen, Aren},
   SORTNAME = {Feldman, Naomi H and Richter, Caitlin and Salgado, Harini and Jansen, Aren},
   TITLE = {[TACL] Evaluating Low-Level Speech Features Against Human Perceptual Data}}
@INPROCEEDINGS{papers-039,
   AUTHOR = {Horsmann, Tobias and Zesch, Torsten},
   SORTNAME = {Horsmann, Tobias and Zesch, Torsten},
   TITLE = {Do LSTMs really work so well for PoS tagging? -- A replication study}}
@INPROCEEDINGS{papers-1527,
   AUTHOR = {Kim, Jooyeon and Kim, Dongwoo and Oh, Alice},
   SORTNAME = {Kim, Jooyeon and Kim, Dongwoo and Oh, Alice},
   TITLE = {[TACL] Joint Modeling of Topics, Citations, and Topical Authority in Academic Corpora}}
@INPROCEEDINGS{papers-504,
   AUTHOR = {Ning, Qiang and Feng, Zhili and Roth, Dan},
   SORTNAME = {Ning, Qiang and Feng, Zhili and Roth, Dan},
   TITLE = {A Structured Learning Approach to Temporal Relation Extraction}}
@INPROCEEDINGS{papers-683,
   AUTHOR = {Marcheggiani, Diego and Titov, Ivan},
   SORTNAME = {Marcheggiani, Diego and Titov, Ivan},
   TITLE = {Encoding Sentences with Graph Convolutional Networks for Semantic Role Labeling}}
@INPROCEEDINGS{papers-654,
   AUTHOR = {Han, Wenjuan and Jiang, Yong and Tu, Kewei},
   SORTNAME = {Han, Wenjuan and Jiang, Yong and Tu, Kewei},
   TITLE = {Dependency Grammar Induction with Neural Lexicalization and Big Training Data}}
@INPROCEEDINGS{papers-697,
   AUTHOR = {Chang, Cheng and Yang, Runzhe and Chen, Lu and Zhou, Xiang and Yu, Kai},
   SORTNAME = {Chang, Cheng and Yang, Runzhe and Chen, Lu and Zhou, Xiang and Yu, Kai},
   TITLE = {Affordable On-line Dialogue Policy Learning}}
@INPROCEEDINGS{papers-1462,
   AUTHOR = {Serban, Iulian Vlad and Ororbia, Alexander G. and Pineau, Joelle and Courville, Aaron},
   SORTNAME = {Serban, Iulian Vlad and Ororbia, Alexander G. and Pineau, Joelle and Courville, Aaron},
   TITLE = {Piecewise Latent Variables for Neural Variational Text Processing}}
@INPROCEEDINGS{papers-1376,
   AUTHOR = {Chaganty, Arun and Paranjape, Ashwin and Liang, Percy and Manning, Christopher D.},
   SORTNAME = {Chaganty, Arun and Paranjape, Ashwin and Liang, Percy and Manning, Christopher D.},
   TITLE = {Importance sampling for unbiased on-demand evaluation of knowledge base population}}
@INPROCEEDINGS{papers-1400,
   AUTHOR = {Zadeh, Amir and Chen, Minghai and Poria, Soujanya and Cambria, Erik and Morency, Louis-Philippe},
   SORTNAME = {Zadeh, Amir and Chen, Minghai and Poria, Soujanya and Cambria, Erik and Morency, Louis-Philippe},
   TITLE = {Tensor Fusion Network for Multimodal Sentiment Analysis}}
@INPROCEEDINGS{papers-1407,
   AUTHOR = {Wang, Chuan and Xue, Nianwen},
   SORTNAME = {Wang, Chuan and Xue, Nianwen},
   TITLE = {Getting the Most out of AMR Parsing}}
@INPROCEEDINGS{papers-1470,
   AUTHOR = {Zhao, Jieyu and Wang, Tianlu and Yatskar, Mark and Ordonez, Vicente and Chang, Kai-Wei},
   SORTNAME = {Zhao, Jieyu and Wang, Tianlu and Yatskar, Mark and Ordonez, Vicente and Chang, Kai-Wei},
   TITLE = {Men Also Like Shopping: Reducing Gender Bias Amplification using Corpus-level Constraints}}
@INPROCEEDINGS{papers-359,
   AUTHOR = {Wang, Yan and Liu, Xiaojiang and Shi, Shuming},
   SORTNAME = {Wang, Yan and Liu, Xiaojiang and Shi, Shuming},
   TITLE = {Deep Neural Solver for Math Word Problems}}
@INPROCEEDINGS{papers-011,
   AUTHOR = {Li, Jiwei and Monroe, Will and Shi, Tianlin and Jean, S\'ebastien and Ritter, Alan and Jurafsky, Dan},
   SORTNAME = {Li, Jiwei and Monroe, Will and Shi, Tianlin and Jean, S\'ebastien and Ritter, Alan and Jurafsky, Dan},
   TITLE = {Adversarial Learning for Neural Dialogue Generation}}
@INPROCEEDINGS{papers-474,
   AUTHOR = {Felbo, Bjarke and Mislove, Alan and Søgaard, Anders and Rahwan, Iyad and Lehmann, Sune},
   SORTNAME = {Felbo, Bjarke and Mislove, Alan and Søgaard, Anders and Rahwan, Iyad and Lehmann, Sune},
   TITLE = {Using millions of emoji occurrences to learn any-domain representations for detecting sentiment, emotion and sarcasm}}
@INPROCEEDINGS{papers-1222,
   AUTHOR = {Huang, YiYao and Wang, William Yang},
   SORTNAME = {Huang, YiYao and Wang, William Yang},
   TITLE = {Deep Residual Learning for Weakly-Supervised Relation Extraction}}
@INPROCEEDINGS{papers-705,
   AUTHOR = {Morey, Mathieu and Muller, Philippe and Asher, Nicholas},
   SORTNAME = {Morey, Mathieu and Muller, Philippe and Asher, Nicholas},
   TITLE = {How much progress have we made on RST discourse parsing? A replication study of recent results on the RST-DT}}
@INPROCEEDINGS{papers-1250,
   AUTHOR = {Hoang, Cong Duy Vu and Haffari, Gholamreza and Cohn, Trevor},
   SORTNAME = {Hoang, Cong Duy Vu and Haffari, Gholamreza and Cohn, Trevor},
   TITLE = {Towards Decoding as Continuous Optimisation in Neural Machine Translation}}
@INPROCEEDINGS{papers-977,
   AUTHOR = {Gan, Zhe and Pu, Yunchen and Henao, Ricardo and Li, Chunyuan and He, Xiaodong and Carin, Lawrence},
   SORTNAME = {Gan, Zhe and Pu, Yunchen and Henao, Ricardo and Li, Chunyuan and He, Xiaodong and Carin, Lawrence},
   TITLE = {Learning Generic Sentence Representations Using Convolutional Neural Networks}}
@INPROCEEDINGS{papers-294,
   AUTHOR = {Duan, Nan and Tang, Duyu and Chen, Peng and Zhou, Ming},
   SORTNAME = {Duan, Nan and Tang, Duyu and Chen, Peng and Zhou, Ming},
   TITLE = {Question Generation for Question Answering}}
@INPROCEEDINGS{papers-1295,
   AUTHOR = {He, Hua and Ganjam, Kris and Jain, Navendu and Lundin, Jessica and White, Ryen and Lin, Jimmy},
   SORTNAME = {He, Hua and Ganjam, Kris and Jain, Navendu and Lundin, Jessica and White, Ryen and Lin, Jimmy},
   TITLE = {An Insight Extraction System on BioMedical Literature with Deep Neural Networks}}
@INPROCEEDINGS{papers-336,
   AUTHOR = {Pasini, Tommaso and Navigli, Roberto},
   SORTNAME = {Pasini, Tommaso and Navigli, Roberto},
   TITLE = {Train-O-Matic: Large-Scale Supervised Word Sense Disambiguation in Multiple Languages without Manual Training Data}}
@INPROCEEDINGS{papers-1424,
   AUTHOR = {Malaviya, Chaitanya and Neubig, Graham and Littell, Patrick},
   SORTNAME = {Malaviya, Chaitanya and Neubig, Graham and Littell, Patrick},
   TITLE = {Learning Language Representations for Typology Prediction}}
@INPROCEEDINGS{papers-1075,
   AUTHOR = {Yang, Weiwei and Boyd-Graber, Jordan and Resnik, Philip},
   SORTNAME = {Yang, Weiwei and Boyd-Graber, Jordan and Resnik, Philip},
   TITLE = {Adapting Topic Models using Lexical Associations with Tree Priors}}
@INPROCEEDINGS{papers-659,
   AUTHOR = {dubossarsky, haim and Weinshall, Daphna and Grossman, Eitan},
   SORTNAME = {dubossarsky, haim and Weinshall, Daphna and Grossman, Eitan},
   TITLE = {Outta Control: Laws of Semantic Change and Inherent Biases in Word Representation Models}}
@INPROCEEDINGS{papers-1289,
   AUTHOR = {Ojha, Prakhar and Talukdar, Partha},
   SORTNAME = {Ojha, Prakhar and Talukdar, Partha},
   TITLE = {KGEval: Accuracy Estimation of Automatically Constructed Knowledge Graphs}}
@INPROCEEDINGS{papers-1533,
   AUTHOR = {Mrkšić, Nikola and Vulić, Ivan and Ó Séaghdha, Diarmuid and Reichart, Roi and Leviant, Ira and Gašić, Milica and Korhonen, Anna and Young, Steve},
   SORTNAME = {Mrksic, Nikola and Vulic, Ivan and O Seaghdha, Diarmuid and Reichart, Roi and Leviant, Ira and Gasic, Milica and Korhonen, Anna and Young, Steve},
   TITLE = {[TACL] Semantic Specialisation of Distributional Word Vector Spaces using Monolingual and Cross-Lingual Constraints}}
@INPROCEEDINGS{papers-445,
   AUTHOR = {Elsner, Micha and Shain, Cory},
   SORTNAME = {Elsner, Micha and Shain, Cory},
   TITLE = {Speech segmentation with a neural encoder model of working memory}}
@INPROCEEDINGS{papers-1417,
   AUTHOR = {Zhang, Yuhao and Zhong, Victor and Chen, Danqi and Angeli, Gabor and Manning, Christopher D.},
   SORTNAME = {Zhang, Yuhao and Zhong, Victor and Chen, Danqi and Angeli, Gabor and Manning, Christopher D.},
   TITLE = {Position-aware Attention and Supervised Data Improve Slot Filling}}
@INPROCEEDINGS{papers-1131,
   AUTHOR = {St Arnaud, Adam and Beck, David and Kondrak, Grzegorz},
   SORTNAME = {St Arnaud, Adam and Beck, David and Kondrak, Grzegorz},
   TITLE = {Identifying Cognate Sets Across Dictionaries of Related Languages}}
@INPROCEEDINGS{papers-330,
   AUTHOR = {Nikolentzos, Giannis and Meladianos, Polykarpos and Rousseau, Francois and Stavrakas, Yannis and Vazirgiannis, Michalis},
   SORTNAME = {Nikolentzos, Giannis and Meladianos, Polykarpos and Rousseau, Francois and Stavrakas, Yannis and Vazirgiannis, Michalis},
   TITLE = {Shortest-Path Graph Kernels for Document Similarity}}
@INPROCEEDINGS{papers-732,
   AUTHOR = {Lan, Man and Wang, Jianxiang and Wu, Yuanbin and Niu, Zheng-Yu and Wang, Haifeng},
   SORTNAME = {Lan, Man and Wang, Jianxiang and Wu, Yuanbin and Niu, Zheng-Yu and Wang, Haifeng},
   TITLE = {Multi-task Attention-based Neural Networks for Implicit Discourse Relationship Representation and Identification}}
@INPROCEEDINGS{papers-1367,
   AUTHOR = {Yin, Xuwang and Ordonez, Vicente},
   SORTNAME = {Yin, Xuwang and Ordonez, Vicente},
   TITLE = {Obj2Text: Generating Visually Descriptive Language from Object Layouts}}
@INPROCEEDINGS{papers-909,
   AUTHOR = {Pavlopoulos, John and Malakasiotis, Prodromos and Androutsopoulos, Ion},
   SORTNAME = {Pavlopoulos, John and Malakasiotis, Prodromos and Androutsopoulos, Ion},
   TITLE = {Deeper Attention to Abusive User Content Moderation}}
@INPROCEEDINGS{papers-469,
   AUTHOR = {Devlin, Jacob},
   SORTNAME = {Devlin, Jacob},
   TITLE = {Sharp Models on Dull Hardware: Fast and Accurate Neural Machine Translation Decoding on the CPU}}
@INPROCEEDINGS{papers-177,
   AUTHOR = {Yin, Yichun and Song, Yangqiu and Zhang, Ming},
   SORTNAME = {Yin, Yichun and Song, Yangqiu and Zhang, Ming},
   TITLE = {Document-Level Multi-Aspect Sentiment Classification as Machine Comprehension}}
@INPROCEEDINGS{papers-1048,
   AUTHOR = {Su, Yu and Yan, Xifeng},
   SORTNAME = {Su, Yu and Yan, Xifeng},
   TITLE = {Cross-domain Semantic Parsing via Paraphrasing}}
@INPROCEEDINGS{papers-1298,
   AUTHOR = {Stern, Mitchell and Fried, Daniel and Klein, Dan},
   SORTNAME = {Stern, Mitchell and Fried, Daniel and Klein, Dan},
   TITLE = {Effective Inference for Generative Neural Parsing}}
@INPROCEEDINGS{papers-970,
   AUTHOR = {Choubey, Prafulla Kumar and Huang, Ruihong},
   SORTNAME = {Choubey, Prafulla Kumar and Huang, Ruihong},
   TITLE = {Event Coreference Resolution by Iteratively Unfolding Inter-dependencies among Events}}
@INPROCEEDINGS{papers-552,
   AUTHOR = {Wang, Rui and Utiyama, Masao and Liu, Lemao and Chen, Kehai and Sumita, Eiichiro},
   SORTNAME = {Wang, Rui and Utiyama, Masao and Liu, Lemao and Chen, Kehai and Sumita, Eiichiro},
   TITLE = {Instance Weighting for Neural Machine Translation Domain Adaptation}}
@INPROCEEDINGS{papers-519,
   AUTHOR = {Jo, Yohan and Yoder, Michael and Jang, Hyeju and Rose, Carolyn},
   SORTNAME = {Jo, Yohan and Yoder, Michael and Jang, Hyeju and Rose, Carolyn},
   TITLE = {Modeling Dialogue Acts with Content Word Filtering and Speaker Preferences}}
@INPROCEEDINGS{papers-880,
   AUTHOR = {Loáiciga, Sharid and Guillou, Liane and Hardmeier, Christian},
   SORTNAME = {Loaiciga, Sharid and Guillou, Liane and Hardmeier, Christian},
   TITLE = {What is it? Disambiguating the different readings of the pronoun ‘it'}}
@INPROCEEDINGS{papers-696,
   AUTHOR = {Dou, Zi-Yi},
   SORTNAME = {Dou, Zi-Yi},
   TITLE = {Capturing User and Product Information for Document Level Sentiment Analysis with Deep Memory Network}}
@INPROCEEDINGS{papers-1151,
   AUTHOR = {Yu, Licheng and Bansal, Mohit and Berg, Tamara},
   SORTNAME = {Yu, Licheng and Bansal, Mohit and Berg, Tamara},
   TITLE = {Hierarchically-Attentive RNN for Album Summarization and Storytelling}}
@INPROCEEDINGS{papers-1073,
   AUTHOR = {Bawden, Rachel},
   SORTNAME = {Bawden, Rachel},
   TITLE = {Machine Translation, it's a question of style, innit? The case of English tag questions}}
@INPROCEEDINGS{papers-785,
   AUTHOR = {Gábor, Kata and Zargayouna, Haifa and Tellier, Isabelle and Buscaldi, Davide and Charnois, Thierry},
   SORTNAME = {Gabor, Kata and Zargayouna, Haifa and Tellier, Isabelle and Buscaldi, Davide and Charnois, Thierry},
   TITLE = {Exploring Vector Spaces for Semantic Relations}}
@INPROCEEDINGS{papers-065,
   AUTHOR = {Reimers, Nils and Gurevych, Iryna},
   SORTNAME = {Reimers, Nils and Gurevych, Iryna},
   TITLE = {Reporting Score Distributions Makes a Difference: Performance Study of LSTM-networks for Sequence Tagging}}
@INPROCEEDINGS{papers-117,
   AUTHOR = {Shen, Gehui and Yang, Yunlun and Deng, Zhi-Hong},
   SORTNAME = {Shen, Gehui and Yang, Yunlun and Deng, Zhi-Hong},
   TITLE = {Inter-Weighted Alignment Network for Sentence Pair Modeling}}
@INPROCEEDINGS{papers-1157,
   AUTHOR = {Britz, Denny and Goldie, Anna and Luong, Minh-Thang and Le, Quoc},
   SORTNAME = {Britz, Denny and Goldie, Anna and Luong, Minh-Thang and Le, Quoc},
   TITLE = {Exploring Hyperparameter Sensitivity in Neural Machine Translation Architectures}}
@INPROCEEDINGS{papers-427,
   AUTHOR = {Gupta, Arihant and Akhtar, Syed Sarfaraz and Vajpayee, Avijit and Srivastava, Arjit and Jhanwar, Madan Gopal and Shrivastava, Manish},
   SORTNAME = {Gupta, Arihant and Akhtar, Syed Sarfaraz and Vajpayee, Avijit and Srivastava, Arjit and Jhanwar, Madan Gopal and Shrivastava, Manish},
   TITLE = {Exploiting Morphological Regularities in Distributional Word Representations}}
@INPROCEEDINGS{papers-1163,
   AUTHOR = {Rashid, Farzana and Blanco, Eduardo},
   SORTNAME = {Rashid, Farzana and Blanco, Eduardo},
   TITLE = {Dimensions of Interpersonal Relationships: Corpus and Experiments}}
@INPROCEEDINGS{papers-072,
   AUTHOR = {P, Deepak and Garg, Dinesh and Shevade, Shirish},
   SORTNAME = {P, Deepak and Garg, Dinesh and Shevade, Shirish},
   TITLE = {Latent Space Embedding for Retrieval in Question-Answer Archives}}
@INPROCEEDINGS{papers-488,
   AUTHOR = {Schofield, Alexandra and Thompson, Laure and Mimno, David},
   SORTNAME = {Schofield, Alexandra and Thompson, Laure and Mimno, David},
   TITLE = {Quantifying the Effects of Text Duplication on Semantic Models}}
@INPROCEEDINGS{papers-437,
   AUTHOR = {Zhang, Xingxing and Lapata, Mirella},
   SORTNAME = {Zhang, Xingxing and Lapata, Mirella},
   TITLE = {Sentence Simplification with Deep Reinforcement Learning}}
@INPROCEEDINGS{papers-961,
   AUTHOR = {Hui, Kai and Yates, Andrew and Berberich, Klaus and de Melo, Gerard},
   SORTNAME = {Hui, Kai and Yates, Andrew and Berberich, Klaus and de Melo, Gerard},
   TITLE = {PACRR: A Position-Aware Neural IR Model for Relevance Matching}}
@INPROCEEDINGS{papers-690,
   AUTHOR = {Lavergne, Thomas and Yvon, François},
   SORTNAME = {Lavergne, Thomas and Yvon, Francois},
   TITLE = {Learning the Structure of Variable-Order CRFs: a finite-state perspective}}
@INPROCEEDINGS{papers-529,
   AUTHOR = {Durrett, Greg and Kummerfeld, Jonathan K. and Berg-Kirkpatrick, Taylor and Portnoff, Rebecca and Afroz, Sadia and McCoy, Damon and Levchenko, Kirill and Paxson, Vern},
   SORTNAME = {Durrett, Greg and Kummerfeld, Jonathan K. and Berg-Kirkpatrick, Taylor and Portnoff, Rebecca and Afroz, Sadia and McCoy, Damon and Levchenko, Kirill and Paxson, Vern},
   TITLE = {Identifying Products in Online Cybercrime Marketplaces: A Dataset for Fine-grained Domain Adaptation}}
@INPROCEEDINGS{papers-553,
   AUTHOR = {Zarrieß, Sina and Schlangen, David},
   SORTNAME = {Zarrieß, Sina and Schlangen, David},
   TITLE = {Deriving continous grounded meaning representations from referentially structured multimodal contexts}}
@INPROCEEDINGS{papers-1046,
   AUTHOR = {Britz, Denny and Guan, Melody and Luong, Minh-Thang},
   SORTNAME = {Britz, Denny and Guan, Melody and Luong, Minh-Thang},
   TITLE = {Efficient Attention using a Fixed-Size Memory Representation}}
@INPROCEEDINGS{papers-614,
   AUTHOR = {Corro, Caio and Le Roux, Joseph and Lacroix, Mathieu},
   SORTNAME = {Corro, Caio and Le Roux, Joseph and Lacroix, Mathieu},
   TITLE = {Efficient Discontinuous Phrase-Structure Parsing via the Generalized Maximum Spanning Arborescence}}
@INPROCEEDINGS{papers-223,
   AUTHOR = {Sperber, Matthias and Neubig, Graham and Niehues, Jan and Waibel, Alex},
   SORTNAME = {Sperber, Matthias and Neubig, Graham and Niehues, Jan and Waibel, Alex},
   TITLE = {Neural Lattice-to-Sequence Models for Uncertain Inputs}}
@INPROCEEDINGS{papers-378,
   AUTHOR = {Long, Yunfei and Qin, Lu and Xiang, Rong and Li, Minglei and Huang, Chu-Ren},
   SORTNAME = {Long, Yunfei and Qin, Lu and Xiang, Rong and Li, Minglei and Huang, Chu-Ren},
   TITLE = {A Cognition Based Attention Model for Sentiment Analysis}}
@INPROCEEDINGS{papers-084,
   AUTHOR = {Santus, Enrico and Chersoni, Emmanuele and Lenci, Alessandro and Blache, Philippe},
   SORTNAME = {Santus, Enrico and Chersoni, Emmanuele and Lenci, Alessandro and Blache, Philippe},
   TITLE = {Measuring Thematic Fit with Distributional Feature Overlap}}
@INPROCEEDINGS{papers-1344,
   AUTHOR = {Xu, Zhen and Liu, Bingquan and Wang, Baoxun and Sun, Chengjie and Wang, Xiaolong and Wang, Zhuoran and Qi, Chao},
   SORTNAME = {Xu, Zhen and Liu, Bingquan and Wang, Baoxun and Sun, Chengjie and Wang, Xiaolong and Wang, Zhuoran and Qi, Chao},
   TITLE = {Neural Response Generation via GAN with an Approximate Embedding Layer}}
@INPROCEEDINGS{papers-472,
   AUTHOR = {Yang, Diyi and Halfaker, Aaron and Kraut, Robert and Hovy, Eduard},
   SORTNAME = {Yang, Diyi and Halfaker, Aaron and Kraut, Robert and Hovy, Eduard},
   TITLE = {Identifying Semantic Edit Intentions from Revisions in Wikipedia}}
@INPROCEEDINGS{papers-163,
   AUTHOR = {Calixto, Iacer and Liu, Qun},
   SORTNAME = {Calixto, Iacer and Liu, Qun},
   TITLE = {Incorporating Global Visual Features into Attention-based Neural Machine Translation.}}
@INPROCEEDINGS{papers-1169,
   AUTHOR = {Wang, Leyi and Xia, Rui},
   SORTNAME = {Wang, Leyi and Xia, Rui},
   TITLE = {Sentiment Lexicon Construction with Representation Learning Based on Hierarchical Sentiment Supervision}}
@INPROCEEDINGS{papers-770,
   AUTHOR = {Dong, Li and Mallinson, Jonathan and Reddy, Siva and Lapata, Mirella},
   SORTNAME = {Dong, Li and Mallinson, Jonathan and Reddy, Siva and Lapata, Mirella},
   TITLE = {Learning to Paraphrase for Question Answering}}
@INPROCEEDINGS{papers-1145,
   AUTHOR = {Golub, David and Huang, Po-Sen and He, Xiaodong and Deng, Li},
   SORTNAME = {Golub, David and Huang, Po-Sen and He, Xiaodong and Deng, Li},
   TITLE = {Two-Stage Synthesis Networks for Transfer Learning in Machine Comprehension}}
@INPROCEEDINGS{papers-179,
   AUTHOR = {Li, Shen and Zhao, Zhe and Liu, Tao and Hu, Renfen and Du, Xiaoyong},
   SORTNAME = {Li, Shen and Zhao, Zhe and Liu, Tao and Hu, Renfen and Du, Xiaoyong},
   TITLE = {Initializing Convolutional Filters with Semantic Features for Text Classification}}
@INPROCEEDINGS{papers-962,
   AUTHOR = {Rosin, Guy D. and Adar, Eytan and Radinsky, Kira},
   SORTNAME = {Rosin, Guy D. and Adar, Eytan and Radinsky, Kira},
   TITLE = {Learning Word Relatedness over Time}}
@INPROCEEDINGS{papers-1056,
   AUTHOR = {Glavaš, Goran and Ponzetto, Simone Paolo},
   SORTNAME = {Glavas, Goran and Ponzetto, Simone Paolo},
   TITLE = {Dual Tensor Model for Detecting Asymmetric Lexico-Semantic Relations}}
@INPROCEEDINGS{papers-992,
   AUTHOR = {Yang, Baosong and Wong, Derek F. and Xiao, Tong and Chao, Lidia S. and Zhu, Jingbo},
   SORTNAME = {Yang, Baosong and Wong, Derek F. and Xiao, Tong and Chao, Lidia S. and Zhu, Jingbo},
   TITLE = {Towards Bidirectional Hierarchical Representations for Attention-based Neural Machine Translation}}
@INPROCEEDINGS{papers-1305,
   AUTHOR = {Zhang, Qing and Wang, Houfeng},
   SORTNAME = {Zhang, Qing and Wang, Houfeng},
   TITLE = {Noise-Clustered Distant Supervision for Relation Extraction: A Nonparametric Bayesian Perspective}}
@INPROCEEDINGS{papers-306,
   AUTHOR = {Sorokin, Daniil and Gurevych, Iryna},
   SORTNAME = {Sorokin, Daniil and Gurevych, Iryna},
   TITLE = {Context-Aware Representations for Knowledge Base Relation Extraction}}
@INPROCEEDINGS{papers-704,
   AUTHOR = {Miceli Barone, Antonio Valerio and Haddow, Barry and Germann, Ulrich and Sennrich, Rico},
   SORTNAME = {Miceli Barone, Antonio Valerio and Haddow, Barry and Germann, Ulrich and Sennrich, Rico},
   TITLE = {Regularization techniques for fine-tuning in neural machine translation}}
@INPROCEEDINGS{papers-1301,
   AUTHOR = {Luan, Yi and Ostendorf, Mari and Hajishirzi, Hannaneh},
   SORTNAME = {Luan, Yi and Ostendorf, Mari and Hajishirzi, Hannaneh},
   TITLE = {Scientific Information Extraction with Semi-supervised Neural Tagging}}
@INPROCEEDINGS{papers-990,
   AUTHOR = {Fernandez, Jared and Yu, Zhaocheng and Downey, Doug},
   SORTNAME = {Fernandez, Jared and Yu, Zhaocheng and Downey, Doug},
   TITLE = {VecShare: A Framework for Sharing Word Representation Vectors}}
@INPROCEEDINGS{papers-372,
   AUTHOR = {van der Wees, Marlies and Bisazza, Arianna and Monz, Christof},
   SORTNAME = {van der Wees, Marlies and Bisazza, Arianna and Monz, Christof},
   TITLE = {Dynamic Data Selection for Neural Machine Translation}}
@INPROCEEDINGS{papers-191,
   AUTHOR = {Stahlberg, Felix and Byrne, Bill},
   SORTNAME = {Stahlberg, Felix and Byrne, Bill},
   TITLE = {Unfolding and Shrinking Neural Machine Translation Ensembles}}
@INPROCEEDINGS{papers-1223,
   AUTHOR = {Fu, Cheng-Yang and Lee, Joon and Bansal, Mohit and Berg, Alexander},
   SORTNAME = {Fu, Cheng-Yang and Lee, Joon and Bansal, Mohit and Berg, Alexander},
   TITLE = {Video Highlight Prediction Using Audience Chat Reactions}}
@INPROCEEDINGS{papers-037,
   AUTHOR = {Lai, Guokun and Xie, Qizhe and Liu, Hanxiao and Yang, Yiming and Hovy, Eduard},
   SORTNAME = {Lai, Guokun and Xie, Qizhe and Liu, Hanxiao and Yang, Yiming and Hovy, Eduard},
   TITLE = {RACE: Large-scale ReAding Comprehension Dataset From Examinations}}
@INPROCEEDINGS{papers-1415,
   AUTHOR = {Preoţiuc-Pietro, Daniel and Chandra Guntuku, Sharath and Ungar, Lyle},
   SORTNAME = {Preotiuc-Pietro, Daniel and Chandra Guntuku, Sharath and Ungar, Lyle},
   TITLE = {Controlling Human Perception of Basic User Traits}}
@INPROCEEDINGS{papers-1302,
   AUTHOR = {Lee, Guang-He and Chen, Yun-Nung},
   SORTNAME = {Lee, Guang-He and Chen, Yun-Nung},
   TITLE = {MUSE: Modularizing Unsupervised Sense Embeddings}}
@INPROCEEDINGS{papers-723,
   AUTHOR = {Wang, Yasheng and Zhang, Yang and Liu, Bing},
   SORTNAME = {Wang, Yasheng and Zhang, Yang and Liu, Bing},
   TITLE = {Sentiment Lexicon Expansion Based on Neural PU Learning, Double Dictionary Lookup, and Polarity Association}}
@INPROCEEDINGS{papers-1530,
   AUTHOR = {Zayats, Victoria and Ostendorf, Mari},
   SORTNAME = {Zayats, Victoria and Ostendorf, Mari},
   TITLE = {[TACL] Conversation Modeling on Reddit Using a Graph-Structured LSTM}}
@INPROCEEDINGS{papers-349,
   AUTHOR = {Wachsmuth, Henning and Da San Martino, Giovanni and Kiesel, Dora and Stein, Benno},
   SORTNAME = {Wachsmuth, Henning and Da San Martino, Giovanni and Kiesel, Dora and Stein, Benno},
   TITLE = {The Impact of Modeling Overall Argumentation with Tree Kernels}}
@INPROCEEDINGS{papers-1079,
   AUTHOR = {Parde, Natalie and Nielsen, Rodney},
   SORTNAME = {Parde, Natalie and Nielsen, Rodney},
   TITLE = {Finding Patterns in Noisy Crowds: Regression-based Annotation Aggregation for Crowdsourced Data}}
@INPROCEEDINGS{papers-820,
   AUTHOR = {Ballesteros, Miguel and Al-Onaizan, Yaser},
   SORTNAME = {Ballesteros, Miguel and Al-Onaizan, Yaser},
   TITLE = {AMR Parsing using Stack-LSTMs}}
@INPROCEEDINGS{papers-1077,
   AUTHOR = {Wang, Zhongqing and Zhang, Yue},
   SORTNAME = {Wang, Zhongqing and Zhang, Yue},
   TITLE = {Opinion Recommendation Using A Neural Model}}
@INPROCEEDINGS{papers-1511,
   AUTHOR = {Kim, Joo-Kyung and Kim, Young-Bum and Sarikaya, Ruhi and Fosler-Lussier, Eric},
   SORTNAME = {Kim, Joo-Kyung and Kim, Young-Bum and Sarikaya, Ruhi and Fosler-Lussier, Eric},
   TITLE = {Cross-Lingual Transfer Learning for POS Tagging without Cross-Lingual Resources}}
@INPROCEEDINGS{papers-119,
   AUTHOR = {Wang, Chengyu and Fan, Yan and He, Xiaofeng and Zhou, Aoying},
   SORTNAME = {Wang, Chengyu and Fan, Yan and He, Xiaofeng and Zhou, Aoying},
   TITLE = {Learning Fine-grained Relations from Chinese User Generated Categories}}
@INPROCEEDINGS{papers-817,
   AUTHOR = {Vulić, Ivan and Mrkšić, Nikola and Korhonen, Anna},
   SORTNAME = {Vulic, Ivan and Mrksic, Nikola and Korhonen, Anna},
   TITLE = {Cross-Lingual Induction and Transfer of Verb Classes Based on Word Vector Space Specialisation}}
@INPROCEEDINGS{papers-338,
   AUTHOR = {Zhang, Xiaowei and Chen, Wei and Wang, Feng and Xu, Shuang and Xu, Bo},
   SORTNAME = {Zhang, Xiaowei and Chen, Wei and Wang, Feng and Xu, Shuang and Xu, Bo},
   TITLE = {Towards Compact and Fast Neural Machine Translation Using a Combined Method}}
@INPROCEEDINGS{papers-1033,
   AUTHOR = {Krishnamurthy, Jayant and Dasigi, Pradeep and Gardner, Matt},
   SORTNAME = {Krishnamurthy, Jayant and Dasigi, Pradeep and Gardner, Matt},
   TITLE = {Neural Semantic Parsing with Type Constraints for Semi-Structured Tables}}
@INPROCEEDINGS{papers-300,
   AUTHOR = {Andreas, Jacob and Klein, Dan},
   SORTNAME = {Andreas, Jacob and Klein, Dan},
   TITLE = {Analogs of Linguistic Structure in Deep Representations}}
@INPROCEEDINGS{papers-1396,
   AUTHOR = {Wieting, John and Mallinson, Jonathan and Gimpel, Kevin},
   SORTNAME = {Wieting, John and Mallinson, Jonathan and Gimpel, Kevin},
   TITLE = {Learning Paraphrastic Sentence Embeddings from Back-Translated Bitext}}
@INPROCEEDINGS{papers-699,
   AUTHOR = {Wang, Xing and Tu, Zhaopeng and Xiong, Deyi and Zhang, Min},
   SORTNAME = {Wang, Xing and Tu, Zhaopeng and Xiong, Deyi and Zhang, Min},
   TITLE = {Translating Phrases in Neural Machine Translation}}
@INPROCEEDINGS{papers-1005,
   AUTHOR = {Strubell, Emma and Verga, Patrick and Belanger, David and McCallum, Andrew},
   SORTNAME = {Strubell, Emma and Verga, Patrick and Belanger, David and McCallum, Andrew},
   TITLE = {Fast and Accurate Entity Recognition with Iterated Dilated Convolutions}}
@INPROCEEDINGS{papers-986,
   AUTHOR = {Goyal, Tanya and Kelkar, Sachin and Agarwal, Manas and Grover, Jeenu},
   SORTNAME = {Goyal, Tanya and Kelkar, Sachin and Agarwal, Manas and Grover, Jeenu},
   TITLE = {An Empirical Analysis of Edit Importance between Document Versions}}
@INPROCEEDINGS{papers-1411,
   AUTHOR = {Niu, Xing and Martindale, Marianna and Carpuat, Marine},
   SORTNAME = {Niu, Xing and Martindale, Marianna and Carpuat, Marine},
   TITLE = {A Study of Style in Machine Translation: Controlling the Formality of Machine Translation Output}}
