@INPROCEEDINGS{sclem-008,
   AUTHOR = {Thaine, Patricia and Penn, Gerald},
   SORTNAME = {Thaine, Patricia and Penn, Gerald},
   TITLE = {Vowel and Consonant Classification through Spectral Decomposition}}
@INPROCEEDINGS{sclem-015,
   AUTHOR = {Yu, Xiang and Falenska, Agnieszka and Vu, Ngoc Thang},
   SORTNAME = {Yu, Xiang and Falenska, Agnieszka and Vu, Ngoc Thang},
   TITLE = {A General-Purpose Tagger with Convolutional Neural Networks}}
@INPROCEEDINGS{sclem-028,
   AUTHOR = {Choi, Sanghyuk and Kim, Taeuk and Seol, Jinseok and Lee, Sang-goo},
   SORTNAME = {Choi, Sanghyuk and Kim, Taeuk and Seol, Jinseok and Lee, Sang-goo},
   TITLE = {A Syllable-based Technique for Word Embeddings of Korean Words}}
@INPROCEEDINGS{sclem-018,
   AUTHOR = {Tomar, Gaurav Singh and Duque, Thyago and Täckström, Oscar and Uszkoreit, Jakob and Das, Dipanjan},
   SORTNAME = {Tomar, Gaurav Singh and Duque, Thyago and Tackstrom, Oscar and Uszkoreit, Jakob and Das, Dipanjan},
   TITLE = {Neural Paraphrase Identification of Questions with Noisy Pretraining}}
@INPROCEEDINGS{sclem-026,
   AUTHOR = {Assylbekov, Zhenisbek and Takhanov, Rustem},
   SORTNAME = {Assylbekov, Zhenisbek and Takhanov, Rustem},
   TITLE = {(EXTENDED ABSTRACT) Patterns versus Characters in Subword-aware Neural Language Modeling}}
@INPROCEEDINGS{sclem-024,
   AUTHOR = {Kunchukuttan, Anoop and Bhattacharyya, Pushpak},
   SORTNAME = {Kunchukuttan, Anoop and Bhattacharyya, Pushpak},
   TITLE = {Learning variable length units for SMT between related languages via Byte Pair Encoding}}
@INPROCEEDINGS{sclem-009,
   AUTHOR = {Yu, Seunghak and Kulkarni, Nilesh and Lee, Haejun and Kim, Jihie},
   SORTNAME = {Yu, Seunghak and Kulkarni, Nilesh and Lee, Haejun and Kim, Jihie},
   TITLE = {Syllable-level Neural Language Model for Agglutinative Language}}
@INPROCEEDINGS{sclem-021,
   AUTHOR = {Goyal, Raghav and Dymetman, Marc and Gaussier, Eric},
   SORTNAME = {Goyal, Raghav and Dymetman, Marc and Gaussier, Eric},
   TITLE = {(EXTENDED ABSTRACT) Natural Language Generation through Character-Based RNNs with Finite-State Prior Knowledge}}
@INPROCEEDINGS{sclem-012,
   AUTHOR = {Vylomova, Ekaterina and Cohn, Trevor and He, Xuanli and Haffari, Gholamreza},
   SORTNAME = {Vylomova, Ekaterina and Cohn, Trevor and He, Xuanli and Haffari, Gholamreza},
   TITLE = {Word Representation Models for Morphologically Rich Languages in Neural Machine Translation}}
@INPROCEEDINGS{sclem-022,
   AUTHOR = {Jebbara, Soufian and Cimiano, Philipp},
   SORTNAME = {Jebbara, Soufian and Cimiano, Philipp},
   TITLE = {Improving Opinion-Target Extraction with Character-Level Word Embeddings}}
@INPROCEEDINGS{sclem-016,
   AUTHOR = {Stratos, Karl},
   SORTNAME = {Stratos, Karl},
   TITLE = {Reconstruction of Word Embeddings from Sub-Word Parameters}}
@INPROCEEDINGS{sclem-032,
   AUTHOR = {Silfverberg, Miikka and Hulden, Mans},
   SORTNAME = {Silfverberg, Miikka and Hulden, Mans},
   TITLE = {Weakly supervised learning of allomorphy}}
@INPROCEEDINGS{sclem-040,
   AUTHOR = {Press, Ofir and Bar, Amir and Bogin, Ben and Berant, Jonathan and Wolf, Lior},
   SORTNAME = {Press, Ofir and Bar, Amir and Bogin, Ben and Berant, Jonathan and Wolf, Lior},
   TITLE = {(EXTENDED ABSTRACT) Language Generation with Recurrent Generative Adversarial Networks without Pre-training}}
@INPROCEEDINGS{sclem-017,
   AUTHOR = {Barros, Cristina and Gkatzia, Dimitra and Lloret, Elena},
   SORTNAME = {Barros, Cristina and Gkatzia, Dimitra and Lloret, Elena},
   TITLE = {Inflection Generation for Spanish Verbs using Supervised Learning}}
@INPROCEEDINGS{sclem-020,
   AUTHOR = {Costa-jussà, Marta R. and Escolano, Carlos and Fonollosa, José A. R.},
   SORTNAME = {Costa-jussa, Marta R. and Escolano, Carlos and Fonollosa, Jose A. R.},
   TITLE = {Byte-based Neural Machine Translation}}
@INPROCEEDINGS{sclem-031,
   AUTHOR = {Shin, Youhyun and Lee, Sang-goo},
   SORTNAME = {Shin, Youhyun and Lee, Sang-goo},
   TITLE = {Supersense Tagging with a Combination of Character, Subword, and Word-level Representations}}
@INPROCEEDINGS{sclem-014,
   AUTHOR = {Do, Bich-Ngoc and Rehbein, Ines and Frank, Anette},
   SORTNAME = {Do, Bich-Ngoc and Rehbein, Ines and Frank, Anette},
   TITLE = {What do we need to know about an unknown word when parsing German}}
@INPROCEEDINGS{sclem-038,
   AUTHOR = {Jin, Huiming and Kann, Katharina},
   SORTNAME = {Jin, Huiming and Kann, Katharina},
   TITLE = {Exploring Cross-Lingual Transfer of Morphological Knowledge In Sequence-to-Sequence Models}}
@INPROCEEDINGS{sclem-023,
   AUTHOR = {Labeau, Matthieu and Allauzen, Alexandre},
   SORTNAME = {Labeau, Matthieu and Allauzen, Alexandre},
   TITLE = {Character and Subword-Based Word Representation for Neural Language Modeling Prediction}}
@INPROCEEDINGS{sclem-025,
   AUTHOR = {Lejeune, Gaël and Cartier, Emmanuel},
   SORTNAME = {Lejeune, Gael and Cartier, Emmanuel},
   TITLE = {Character Based Pattern Mining for Neology Detection}}
@INPROCEEDINGS{sclem-010,
   AUTHOR = {Misawa, Shotaro and Taniguchi, Motoki and Miura, Yasuhide and Ohkuma, Tomoko},
   SORTNAME = {Misawa, Shotaro and Taniguchi, Motoki and Miura, Yasuhide and Ohkuma, Tomoko},
   TITLE = {Character-based Bidirectional LSTM-CRF with words and characters for Japanese Named Entity Recognition}}
@INPROCEEDINGS{sclem-035,
   AUTHOR = {Ruzsics, Tatyana and Makarov, Peter and Clematide, Simon},
   SORTNAME = {Ruzsics, Tatyana and Makarov, Peter and Clematide, Simon},
   TITLE = {(EXTENDED ABSTRACT) Align and Copy: Hard Attention Models for Morphological Inflection Generation}}
@INPROCEEDINGS{sclem-027,
   AUTHOR = {Ponomareva, Maria and Milintsevich, Kirill and Chernyak, Ekaterina and Starostin, Anatoly},
   SORTNAME = {Ponomareva, Maria and Milintsevich, Kirill and Chernyak, Ekaterina and Starostin, Anatoly},
   TITLE = {Automated Word Stress Detection in Russian}}
@INPROCEEDINGS{sclem-005,
   AUTHOR = {Kann, Katharina and Schütze, Hinrich},
   SORTNAME = {Kann, Katharina and Schutze, Hinrich},
   TITLE = {Unlabeled Data for Morphological Generation With Character-Based Sequence-to-Sequence Models}}
@INPROCEEDINGS{sclem-037,
   AUTHOR = {Dai, Falcon and Cai, Zheng},
   SORTNAME = {Dai, Falcon and Cai, Zheng},
   TITLE = {Glyph-aware Embedding of Chinese Characters}}
@INPROCEEDINGS{sclem-013,
   AUTHOR = {Alva, Carlo and Oncevay, Arturo},
   SORTNAME = {Alva, Carlo and Oncevay, Arturo},
   TITLE = {Spell-Checking based on Syllabification and Character-level Graphs for a Peruvian Agglutinative Language}}
@INPROCEEDINGS{sclem-034,
   AUTHOR = {Mogren, Olof and Johansson, Richard},
   SORTNAME = {Mogren, Olof and Johansson, Richard},
   TITLE = {Character-based recurrent neural networks for morphological relational reasoning}}
@INPROCEEDINGS{sclem-019,
   AUTHOR = {Nguyen, Viet and Brooke, Julian and Baldwin, Timothy},
   SORTNAME = {Nguyen, Viet and Brooke, Julian and Baldwin, Timothy},
   TITLE = {Sub-character Neural Language Modelling in Japanese}}
