@INPROCEEDINGS{w-nut-033,
   AUTHOR = {Aguilar, Gustavo and Maharjan, Suraj and López Monroy, Adrian Pastor and Solorio, Thamar},
   SORTNAME = {Aguilar, Gustavo and Maharjan, Suraj and Lopez Monroy, Adrian Pastor and Solorio, Thamar},
   TITLE = {A Multi-task Approach for Named Entity Recognition in Social Media Data}}
@INPROCEEDINGS{w-nut-008,
   AUTHOR = {Nagpal, Chirag and Miller, Kyle and Boecking, Benedikt and Dubrawski, Artur},
   SORTNAME = {Nagpal, Chirag and Miller, Kyle and Boecking, Benedikt and Dubrawski, Artur},
   TITLE = {An Entity Resolution Approach to Isolate Instances of Human Trafficking Online}}
@INPROCEEDINGS{w-nut-015,
   AUTHOR = {Xing, Linzi and Paul, Michael J.},
   SORTNAME = {Xing, Linzi and Paul, Michael J.},
   TITLE = {Incorporating Metadata into Content-Based User Embeddings}}
@INPROCEEDINGS{w-nut-028,
   AUTHOR = {Bhargava, Preeti and Spasojevic, Nemanja and Hu, Guoning},
   SORTNAME = {Bhargava, Preeti and Spasojevic, Nemanja and Hu, Guoning},
   TITLE = {Lithium NLP: A System for Rich Information Extraction from Noisy User Generated Text on Social Media}}
@INPROCEEDINGS{w-nut-006,
   AUTHOR = {Gridach, Mourad and Haddad, Hatem and Mulki, Hala},
   SORTNAME = {Gridach, Mourad and Haddad, Hatem and Mulki, Hala},
   TITLE = {Churn Identification in Microblogs using Convolutional Neural Networks with Structured Logical Knowledge}}
@INPROCEEDINGS{w-nut-018,
   AUTHOR = {Welbl, Johannes and Liu, Nelson F. and Gardner, Matt},
   SORTNAME = {Welbl, Johannes and Liu, Nelson F. and Gardner, Matt},
   TITLE = {Crowdsourcing Multiple Choice Science Questions}}
@INPROCEEDINGS{w-nut-004,
   AUTHOR = {Barbieri, Francesco and Espinosa Anke, Luis and Ballesteros, Miguel and Soler, Juan and Saggion, Horacio},
   SORTNAME = {Barbieri, Francesco and Espinosa Anke, Luis and Ballesteros, Miguel and Soler, Juan and Saggion, Horacio},
   TITLE = {Towards the Understanding of Gaming Audiences by Modeling Twitch Emotes}}
@INPROCEEDINGS{w-nut-029,
   AUTHOR = {Lin, Bill Y. and Xu, Frank and Luo, Zhiyi and Zhu, Kenny},
   SORTNAME = {Lin, Bill Y. and Xu, Frank and Luo, Zhiyi and Zhu, Kenny},
   TITLE = {Multi-channel BiLSTM-CRF Model for Emerging Named Entity Recognition in Social Media}}
@INPROCEEDINGS{w-nut-021,
   AUTHOR = {Salehi, Bahar and Hovy, Dirk and Hovy, Eduard and Søgaard, Anders},
   SORTNAME = {Salehi, Bahar and Hovy, Dirk and Hovy, Eduard and Søgaard, Anders},
   TITLE = {Huntsville, hospitals, and hockey teams: Names can reveal your location}}
@INPROCEEDINGS{w-nut-012,
   AUTHOR = {Andy, Anietie and Dredze, Mark and Rwebangira, Mugizi and Callison-Burch, Chris},
   SORTNAME = {Andy, Anietie and Dredze, Mark and Rwebangira, Mugizi and Callison-Burch, Chris},
   TITLE = {Constructing an Alias List for Named Entities during an Event}}
@INPROCEEDINGS{w-nut-022,
   AUTHOR = {Blodgett, Su Lin and Wei, Johnny and O'Connor, Brendan},
   SORTNAME = {Blodgett, Su Lin and Wei, Johnny and O'Connor, Brendan},
   TITLE = {A Dataset and Classifier for Recognizing Social Media English}}
@INPROCEEDINGS{w-nut-016,
   AUTHOR = {Emmery, Chris and Chrupała, Grzegorz and Daelemans, Walter},
   SORTNAME = {Emmery, Chris and Chrupała, Grzegorz and Daelemans, Walter},
   TITLE = {Simple Queries as Distant Labels for Predicting Gender on Twitter}}
@INPROCEEDINGS{w-nut-032,
   AUTHOR = {Jansson, Patrick and Liu, Shuhua},
   SORTNAME = {Jansson, Patrick and Liu, Shuhua},
   TITLE = {Distributed Representation, LDA Topic Modelling and Deep Learning for Emerging Named Entity Recognition from Social Media}}
@INPROCEEDINGS{w-nut-030,
   AUTHOR = {von Däniken, Pius and Cieliebak, Mark},
   SORTNAME = {von Daniken, Pius and Cieliebak, Mark},
   TITLE = {Transfer Learning and Sentence Level Features for Named Entity Recognition on Tweets}}
@INPROCEEDINGS{w-nut-020,
   AUTHOR = {Salehi, Bahar and Søgaard, Anders},
   SORTNAME = {Salehi, Bahar and Søgaard, Anders},
   TITLE = {Evaluating hypotheses in geolocation on a very large sample of Twitter}}
@INPROCEEDINGS{w-nut-031,
   AUTHOR = {Williams, Jake and Santia, Giovanni},
   SORTNAME = {Williams, Jake and Santia, Giovanni},
   TITLE = {Context-Sensitive Recognition for Emerging and Rare Entities}}
@INPROCEEDINGS{w-nut-014,
   AUTHOR = {Tursun, Osman and Cakici, Ruket},
   SORTNAME = {Tursun, Osman and Cakici, Ruket},
   TITLE = {Noisy Uyghur Text Normalization}}
@INPROCEEDINGS{w-nut-025,
   AUTHOR = {Jang, Myungha and Choi, Jinho D. and Allan, James},
   SORTNAME = {Jang, Myungha and Choi, Jinho D. and Allan, James},
   TITLE = {Improving Document Clustering by Removing Unnatural Language}}
@INPROCEEDINGS{w-nut-011,
   AUTHOR = {van der Goot, Rob and Plank, Barbara and Nissim, Malvina},
   SORTNAME = {van der Goot, Rob and Plank, Barbara and Nissim, Malvina},
   TITLE = {To normalize, or not to normalize: The impact of normalization on Part-of-Speech tagging}}
@INPROCEEDINGS{w-nut-035,
   AUTHOR = {Derczynski, Leon and Nichols, Eric and van Erp, Marieke and Limsopatham, Nut},
   SORTNAME = {Derczynski, Leon and Nichols, Eric and van Erp, Marieke and Limsopatham, Nut},
   TITLE = {Results of the WNUT2017 Shared Task on Novel and Emerging Entity Recognition}}
@INPROCEEDINGS{w-nut-013,
   AUTHOR = {Williams, Jake},
   SORTNAME = {Williams, Jake},
   TITLE = {Boundary-based MWE segmentation with text partitioning}}
@INPROCEEDINGS{w-nut-034,
   AUTHOR = {Sikdar, Utpal Kumar and Gambäck, Björn},
   SORTNAME = {Sikdar, Utpal Kumar and Gamback, Bjorn},
   TITLE = {A Feature-based Ensemble Approach to Recognition of Emerging and Rare Named Entities}}
@INPROCEEDINGS{w-nut-019,
   AUTHOR = {Flint, Emma and Ford, Elliot and Thomas, Olivia and Caines, Andrew and Buttery, Paula},
   SORTNAME = {Flint, Emma and Ford, Elliot and Thomas, Olivia and Caines, Andrew and Buttery, Paula},
   TITLE = {A Text Normalisation System for Non-Standard English Words}}
@INPROCEEDINGS{w-nut-002,
   AUTHOR = {Bowen, Fraser and Dehdari, Jon and Van Genabith, Josef},
   SORTNAME = {Bowen, Fraser and Dehdari, Jon and Van Genabith, Josef},
   TITLE = {The Effect of Error Rate in Artificially Generated Data for Automatic Preposition and Determiner Correction}}
