@INPROCEEDINGS{GenNLP-008,
   AUTHOR = {Jurczyk, Tomasz and Choi, Jinho D.},
   SORTNAME = {Jurczyk, Tomasz and Choi, Jinho D.},
   TITLE = {Cross-genre Document Retrieval: Matching between Conversational and Formal Writings}}
@INPROCEEDINGS{GenNLP-015,
   AUTHOR = {Ettinger, Allyson and Rao, Sudha and Daumé III, Hal and Bender, Emily M.},
   SORTNAME = {Ettinger, Allyson and Rao, Sudha and Daume III, Hal and Bender, Emily M.},
   TITLE = {Towards Linguistically Generalizable NLP Systems: A Workshop and Shared Task}}
@INPROCEEDINGS{GenNLP-009,
   AUTHOR = {Mukku, Sandeep Sricharan and Mamidi, Radhika},
   SORTNAME = {Mukku, Sandeep Sricharan and Mamidi, Radhika},
   TITLE = {ACTSA: Annotated Corpus for Telugu Sentiment Analysis}}
@INPROCEEDINGS{GenNLP-012,
   AUTHOR = {Staliūnaitė, Ieva and Bonfil, Ben},
   SORTNAME = {Staliunaite, Ieva and Bonfil, Ben},
   TITLE = {Breaking Sentiment Analysis of Movie Reviews}}
@INPROCEEDINGS{GenNLP-007,
   AUTHOR = {Ferrés, Daniel and Saggion, Horacio and Gómez Guinovart, Xavier},
   SORTNAME = {Ferres, Daniel and Saggion, Horacio and Gomez Guinovart, Xavier},
   TITLE = {An Adaptable Lexical Simplification Architecture for Major Ibero-Romance Languages}}
@INPROCEEDINGS{GenNLP-001,
   AUTHOR = {Schneider, Rudolf and Oberhauser, Tom and Klatt, Tobias and Gers, Felix A. and Löser, Alexander},
   SORTNAME = {Schneider, Rudolf and Oberhauser, Tom and Klatt, Tobias and Gers, Felix A. and Loser, Alexander},
   TITLE = {Analysing Errors of Open Information Extraction Systems}}
@INPROCEEDINGS{GenNLP-010,
   AUTHOR = {Li, Yitong and Cohn, Trevor and Baldwin, Timothy},
   SORTNAME = {Li, Yitong and Cohn, Trevor and Baldwin, Timothy},
   TITLE = {BIBI System Description: Building with CNNs and Breaking with Deep Reinforcement Learning}}
@INPROCEEDINGS{GenNLP-011,
   AUTHOR = {Cho, Kyunghyun},
   SORTNAME = {Cho, Kyunghyun},
   TITLE = {Strawman: An Ensemble of Deep Bag-of-Ngrams for Sentiment Analysis}}
@INPROCEEDINGS{GenNLP-013,
   AUTHOR = {Mahler, Taylor and Cheung, Willy and Elsner, Micha and King, David and de Marneffe, Marie-Catherine and Shain, Cory and Stevens-Guille, Symon and White, Michael},
   SORTNAME = {Mahler, Taylor and Cheung, Willy and Elsner, Micha and King, David and de Marneffe, Marie-Catherine and Shain, Cory and Stevens-Guille, Symon and White, Michael},
   TITLE = {Breaking NLP: Using Morphosyntax, Semantics, Pragmatics and World Knowledge to Fool Sentiment Analysis Systems}}
@INPROCEEDINGS{GenNLP-002,
   AUTHOR = {Peters, Ben and Dehdari, Jon and van Genabith, Josef},
   SORTNAME = {Peters, Ben and Dehdari, Jon and van Genabith, Josef},
   TITLE = {Massively Multilingual Neural Grapheme-to-Phoneme Conversion}}
